5080 6254
2508 665 2902 735 -23....

1227 830 1743 919 inscribuntur,
1816 832 2064 903 novies
2111 831 2263 925 jam
2325 826 2732 900 civitatibus
2781 828 2991 899 ltaliae
3037 828 3376 925 pecunias
3427 826 3521 899 ab
3576 829 4004 925 imperatore
4026 882 4046 919 ‚
4111 828 4204 901 ab

1221 972 1415 1020 anno
1444 954 1592 1040 97⁰,
1626 948 1931 1021 donatas
1962 948 2177 1021 fuisse
2203 948 2594 1040 declarant,
2633 973 2870 1045 neque
2905 947 3072 1020 inde
3105 949 3422 1045 sequitur
3455 947 3586 1021 has
3619 945 3983 1019 Baebianos
4014 948 4204 1045 ipsos

1226 1072 1474 1142 novies
1519 1074 1898 1170 accepisse.
1963 1077 2249 1143 Annum
2300 1084 2539 1143 autem
2581 1073 2798 1143 101“““
2843 1070 2976 1141 sert
3017 1070 3383 1168 inscriptio
3432 1068 3950 1142 Baebianorum.
4011 1074 4204 1143 Duas

1217 1186 1431 1284 igitur
1490 1189 1959 1280 donationeS,
2030 1214 2477 1287 unoquoque
2535 1212 2732 1260 anno
2785 1188 2883 1285 (si
2930 1188 3153 1259 modo
3204 1190 3412 1261 certis
3475 1185 3951 1286 temporibuS,
4004 1188 4201 1285 quod

1218 1310 1529 1379 maxime
1555 1308 1893 1401 dubium,
1932 1308 2191 1381 oblatae
2218 1309 2417 1403 sint),
2448 1308 2668 1379 factas
2696 1307 2908 1379 fuisse
2943 1332 3227 1379 necesse
3267 1322 3396 1379 est.
3429 1311 3604 1395 Quae
3632 1304 3926 1403 quidem
3959 1308 4204 1379 omnia

1219 1450 1554 1523 magnam
1584 1430 1904 1525 pecuniae
1927 1428 2069 1498 vim
2104 1427 2214 1498 his
2244 1426 2742 1523 largitionibus
2770 1426 3248 1526 absumptam,
3271 1428 3622 1524 egregiam
3651 1452 3739 1497 eo
3765 1440 4202 1524 spectantem

1216 1547 1658 1643 vigilantiam
1680 1605 1698 1639 ,
1741 1562 1818 1618 nt
1850 1574 2251 1649 pauperum
2289 1548 2583 1643 egestati
2614 1548 3053 1639 consulatur,
3091 1548 3542 1634 denuntiant.
3591 1552 3816 1644 Atque
3848 1547 3998 1619 haec
4029 1572 4200 1619 sane

1214 1664 1598 1739 liberalitas
1632 1693 1799 1739 cum
1834 1693 2076 1739 severa
2120 1667 2237 1740 illa
2270 1668 2714 1767 parcimonia
2755 1668 3018 1739 mirum
3073 1669 3146 1739 in
3189 1666 3491 1740 modum
3531 1668 3928 1758 consentit,
3982 1692 4202 1765 quam

1218 1785 1519 1857 Plinius¹
1564 1787 1775 1859 nobis
1824 1813 2050 1885 prope
2095 1802 2321 1860 totam
2365 1813 2532 1859 cum
2567 1788 2792 1859 multa
2828 1788 3172 1887 principis
3204 1788 3415 1863 laude
3457 1788 3783 1879 tradidit,
3823 1788 3946 1884 qui
3983 1810 4200 1885 quam

1215 1903 1401 1975 bene
1433 1906 1776 2003 providus
1819 1905 2027 1977 fuerit
2058 1932 2143 1977 ex
2182 1907 2640 1980 alimentariis
2673 1906 3258 2005 inscriptionibus
3291 1920 3509 2005 patet.

1313 2026 1363 2118 g
1398 2028 1545 2095 XV.
1605 2028 1767 2100 Mox
1794 2026 1886 2099 de
1918 2027 2208 2099 duobus
2243 2030 2392 2099 istis
2428 2029 2916 2099 monumentis
2951 2052 3110 2124 quae
3141 2028 3233 2100 ad
3265 2052 3424 2099 eam
3457 2026 4008 2101 beneficentiam
4038 2027 4200 2095 atti·-

1214 2159 1412 2235 nent,
1444 2144 1645 2241 quod
1676 2147 1973 2243 quidem
2000 2162 2359 2219 assecutus
2386 2174 2550 2220 sum
2575 2172 2961 2245 exponam,
2995 2161 3211 2244 atque
3239 2148 3406 2220 inde
3435 2147 3612 2227 mihi
3641 2148 3777 2218 erit
3801 2146 3894 2217 ad
3925 2146 4198 2242 singula

1214 2264 1629 2335 recurrendi
1661 2268 1970 2337 occasio.
2010 2270 2190 2337 Sunt
2224 2283 2467 2338 autem
2501 2282 2572 2339 et
2604 2267 2742 2340 alia
2772 2282 3030 2366 praeter
3056 2265 3236 2339 duas
3251 2267 3555 2339 Tabulas
3588 2280 4056 2337 monumenta
4087 2264 4198 2337 vel

1214 2384 1621 2455 testimonia
1644 2384 2020 2481 vigilantiae
2040 2411 2183 2483 qua
2198 2388 2539 2483 Trajanus
2573 2387 3090 2458 institutionem
3123 2409 3328 2457 suam
3361 2384 3730 2481 amplexus
3753 2381 3844 2453 ad
3879 2380 3952 2451 id
3977 2380 4200 2451 incre-

1213 2503 1433 2572 menti
1478 2503 1873 2600 pet-duxit’.
1924 2507 2252 2598 Nummi,
2298 2506 2596 2602 inquam
2620 2559 2638 2595 ,
2673 2504 2859 2577 bene
2891 2504 3098 2575 multi
3125 2516 3400 2575 exstant
3430 2502 3684 2599 quinto
3713 2501 3863 2595 ejus
3897 2514 3968 2571 et
3997 2511 4196 2569 sexto

1212 2620 1587 2694 consulatu
1621 2625 1768 2694 cusi
1801 2626 1927 2723 qui
1958 2624 2279 2721 praebent
2313 2625 2464 2696 haec
2492 2622 2842 2695 vocabula
2879 2637 3040 2690 ALffl
3075 2668 3088 2683 ·
3123 2637 3416 2691 ιΤΑΙΛΑΕ.
3457 2616 3954 2717 Anaglyphum
3985 2618 4197 2688 etiam

1216 2740 1587 2837 quoddam
1620 2768 1827 2815 arcus
1860 2743 2340 2817 Beneventani
2384 2742 2475 2815 ad
2513 2744 3020 2814 alimentorum
3058 2742 3579 2813 institutionem
3617 2739 3970 2837 pertinere
4007 2740 4198 2805 Hen-

1214 2860 1497 2931 zenius⁸
1533 2861 1832 2956 judicat,
1894 2867 1965 2935 in
2022 2892 2171 2963 quo
2215 2864 2556 2960 Trajanus
2607 2865 3042 2961 conspicitur
3094 2864 3186 2934 ad
3233 2886 3448 2960 quem
3501 2873 3807 2957 quatuor
3851 2855 4197 2927 accedunt

1216 2978 1549 3053 mulieres
1580 2986 1869 3057 coronis
1903 2986 2295 3059 muralibus
2329 3000 2598 3057 ornatae
2624 3010 2790 3057 cum
2821 2983 3138 3083 puerulis
3163 2984 3474 3081 virisque
3507 2978 3844 3080 puerulos
3881 2975 4202 3046 humeris

1214 3100 1695 3195 gestantibus;
1732 3106 1994 3202 quibus
2028 3106 2416 3180 mulierum
2452 3105 2698 3204 figuris
2727 3106 3116 3203 municipia
3147 3102 3363 3177 ltaliae
3395 3086 3917 3175 adsimulantur
3951 3108 4019 3166 et
4052 3093 4197 3191 ipse

1218 3241 1422 3290 arcus
1456 3221 1548 3292 ad
1579 3222 1770 3294 Trib.
1810 3239 1961 3321 pot.
2000 3243 2165 3296 xvnl
2202 3238 2500 3324 spectat.

2384 3485 2754 3576 CAPUT
2849 3488 3020 3574 111.

1325 3709 1646 3755 msrlrm‘to
1688 3707 2081 3756 Autumnus
2122 3713 2195 3757 AB
2233 3713 2491 3761 TRAJANO
2532 3713 2908 3762 IMPERATORE
2951 3713 3139 3768 USQUB
3183 3711 3260 3756 AD
3299 3709 3572 3766 Qun'rffl
3615 3713 3664 3756 P.
3717 3713 3772 3758 C.
3821 3713 4086 3758 AETATEM.

1309 3883 1361 3974 S
1387 3885 1445 3950 Ι.
1478 3885 1787 3952 Tantum
1820 3879 2067 3954 aberat
2090 3882 2498 3958 Hadrianus
2526 3902 2602 3959 ut
2626 3886 3085 3959 alimentariae
3117 3883 3542 3956 institutioni
3563 3881 3960 3979 quidquam
3981 3882 4230 3954 dett-i·-

1212 4001 1435 4072 menti
1468 3997 1782 4094 afferret,
1822 4013 1901 4071 ut
1934 4001 2147 4074 etiam
2183 4005 2309 4098 illi,
2345 4008 2659 4078 extincto
2690 4008 3018 4105 Trajan0,
3057 4008 3208 4104 ipse
3234 4007 3754 4078 incrementum
3790 4003 4188 4099 adjecerit‘.

1292 4243 1349 4298 1.
1382 4239 1591 4318 Epist„
1624 4239 1664 4297 l.
1690 4242 1770 4298 X.

1290 4345 1351 4404 2.
1382 4341 1516 4400 vid.
1536 4343 1801 4414 Gruter„
1828 4360 1889 4421 p.
1908 4345 2087 4417 1084,
2107 4349 2140 4400 7
2158 4367 2175 4416 ;
2194 4377 2276 4388 -
2294 4345 2371 4404 cs.
2400 4348 2773 4422 Muratorius,
2805 4369 2865 4427 p.
2885 4351 3028 4422 230,
3053 4353 3087 4406 5
3107 4345 3600 4421 ;-Rubenniu5,
3631 4363 3690 4421 p.
3711 4343 3787 4401 88
3805 4363 3822 4410 ;
3843 4372 3906 4382 —
3944 4341 4199 4412 Paufler,

1210 4465 1269 4523 p.
1304 4447 1378 4516 93
1412 4477 1493 4488 -
1521 4449 1647 4502 Hoc
1686 4463 1945 4504 marmor
1980 4459 2172 4506 autem
2218 4449 2567 4510 Muratorius
2608 4451 2763 4530 apud
2801 4452 3070 4527 Gorium,
3105 4473 3168 4532 p.
3213 4455 3314 4524 16,
3350 4450 3530 4509 refert
3565 4447 3638 4506 ad
3681 4465 3894 4504 aunum
3936 4447 4086 4516 102;
4116 4479 4194 4490 --

1208 4547 1379 4607 aliam
1412 4559 1605 4606 autem
1634 4548 1984 4608 Muratorins
2008 4551 2226 4629 praebet
2247 4553 2680 4633 inscriptionem
2706 4556 2844 4614 anni
2874 4558 3014 4630 103,
3044 4555 3137 4614 vel
3167 4558 3306 4613 104.
3335 4552 3684 4622 Thesaurus,
3714 4569 3776 4627 p.
3807 4551 4019 4606 230-3.

1294 4657 1351 4711 3.
1386 4655 1674 4723 Henzen.,
1704 4650 1753 4733 S
1774 4674 1844 4713 11.

1290 4758 1351 4816 ⁴.
1388 4780 1413 4806 ι
1442 4753 1773 4812 Hadrianus
1798 4755 1995 4833 pueris
2036 4775 2103 4815 ac
2130 4757 2337 4836 puellis
2374 4758 2587 4836 quibus
2615 4761 2788 4820 etiam
2814 4761 3092 4836 Traianus
3119 4759 3392 4820 alimenta
3417 4756 3737 4826 detulerat,
3773 4753 4189 4814 incrementum

1208 4855 1562 4915 liberalitatis
1588 4856 1819 4930 adjecit.
1849 4867 1881 4908 ιδ
1908 4858 2227 4937 5Ρειηίαη.,
2260 4879 2314 4918 c.
2361 4882 2467 4920 vu.
2500 4895 2582 4906 -—
2616 4890 2642 4916 ιι
2809 4883 2885 4922 ne
2917 4860 3198 4922 accrebbe
3232 4861 3274 4920 il
3302 4880 3582 4934 numere,
3623 4879 3662 4918 ο
3687 4877 3832 4937 pure
3859 4861 3876 4929 (
3901 4874 4065 4915 come
4091 4855 4190 4932 piis

1206 4957 1487 5018 conviene
1531 4959 1586 5019 al
1628 4979 1799 5020 senso
1830 4960 1983 5022 delle
2010 4960 2241 5042 parole)
2267 4981 2343 5022 ne
2372 4961 2649 5024 aumento
2676 4963 2912 5024 l’annua
2944 4964 3322 5042 pensionem.
3353 4985 3376 5016 n
3412 4960 3763 5021 Muratorius
3795 4957 3870 5017 ad
3909 4957 4148 5016 Gon-ium
4171 4999 4187 5024 ‚

1210 5081 1269 5140 p.
1307 5063 1407 5120 18.
1448 5089 1473 5112 «ι
1627 5061 1871 5143 assegnb
1898 5063 2027 5122 loro
2056 5063 2305 5142 qualche
2334 5063 2574 5143 danaro,
2612 5086 2649 5125 o
2677 5066 2922 5128 sussidio
2953 5066 3013 5124 di
3042 5066 3244 5145 pium.
3273 5091 3298 5118 ι
3325 5069 3445 5136 ld„
3473 5085 3532 5144 p.
3567 5067 3666 5124 36.
