5080 6254
2137 644 2480 711 -5-

812 813 1034 884 aetatis
1077 826 1327 882 notam
1371 823 1743 904 artemque
1784 805 2132 903 optimam
2181 801 2615 875 declarantia
2657 832 2671 874 :
2714 806 3083 903 utriusque
3136 809 3570 905 Agrippinae,
3628 811 3809 880 Ger·
3915 870 3917 873 .

817 933 1116 1021 manici,
1155 930 1458 1002 Neronis
1491 927 1782 1001 infantis
1816 939 2029 1020 atque
2061 923 2272 994 etiam
2297 927 2644 995 Faustinae
2671 925 3045 998 simulacra
3079 928 3361 998 eximia.
3404 927 3607 1024 Nulla
3634 953 3805 1000 vero

815 1055 1388 1126 Christianorum
1421 1049 1752 1144 vestigia3
1792 1045 1969 1117 nibil
2004 1046 2379 1116 inventum
2405 1045 2601 1141 quod
2634 1059 2799 1143 post
2821 1046 3269 1118 Constantini
3306 1061 3579 1118 aetatem
3605 1047 3805 1119 vide-

818 1192 1012 1248 retur
1064 1175 1276 1246 fuisse
1329 1187 1648 1243 erectum
1706 1185 1830 1240 aut
1882 1169 2278 1263 signatum,
2344 1181 2647 1265 excepto
2704 1181 2943 1240 tamen
3004 1171 3435 1241 numismate
3484 1170 3803 1266 quodam

821 1297 1076 1369 Leonis
1108 1299 1136 1364 l
1168 1293 1480 1389 effigiem
1516 1290 1821 1381 ferente,
1869 1286 2069 1384 quod
2103 1287 2401 1384 quidem
2447 1288 2538 1360 ad
2570 1303 2883 1360 veterem
2920 1289 3238 1360 Veleiam
3272 1291 3569 1361 minime
3602 1315 3805 1388 spec·

821 1432 1018 1506 tam,
1078 1414 1204 1486 sed
1259 1415 1496 1512 potius
1549 1435 1716 1482 cum
1767 1408 2106 1480 thesauro
2154 1407 2394 1505 aliquo
2443 1407 2730 1479 videtur
2776 1411 2851 1481 in
2898 1425 3197 1502 terram,
3248 1411 3438 1482 circa
3474 1411 3805 1508 quintum

820 1550 1184 1630 sextumve
1219 1557 1262 1604 a
1291 1530 1573 1603 Christo
1607 1543 1778 1599 nato
1814 1527 2150 1599 saeculum
2187 1524 2398 1598 fuisse
2431 1526 2820 1598 defossum.

917 1660 970 1750 S
1002 1659 1152 1725 ΧΠ.
1205 1655 1349 1740 Qui
1395 1666 1638 1724 autem
1686 1650 1838 1721 fieri
1885 1649 2120 1746 potuit
2173 1663 2252 1719 ut
2296 1662 2448 1720 tota
2492 1650 2739 1720 civitas
2787 1649 2922 1722 sub
2957 1666 3243 1748 aggestu
3288 1665 3489 1723 terrae
3521 1652 3806 1723 decem-

821 1779 1055 1879 pedali
1087 1777 1329 1849 subito
1368 1774 1735 1847 evanuerit
1770 1770 2030 1844 obruta
2057 1825 2074 1860 ,
2117 1796 2354 1869 neque
2390 1773 2577 1844 ullus
2611 1774 2951 1844 exstiterit
2990 1772 3305 1846 historiae
3347 1775 3649 1873 scriptor
3680 1777 3807 1874 qui

821 1924 972 1973 rem
1004 1897 1188 1970 adeo
1222 1898 1477 1967 miram
1512 1893 2154 1967 commemoraret?
2204 1893 2276 1962 Si
2310 1894 2468 1990 quis
2501 1893 2717 1989 hujus
2751 1895 2852 1964 rei
2883 1917 3133 1964 causas
3165 1894 3538 1991 diligenter
3574 1896 3807 1968 inves-

823 2019 1184 2114 tigaverit,
1223 2017 1284 2087 si
1317 2014 1451 2086 soli
1486 2027 1816 2084 naturam
1855 2013 2224 2100 attentiuS,
2266 2037 2424 2109 quae
2465 2012 2557 2082 sit
2592 2027 2661 2082 et
2692 2013 2763 2082 in
2800 2011 2981 2084 valle
3022 2027 3090 2084 et
3125 2012 3196 2083 in
3234 2015 3565 2111 proximo
3600 2039 3808 2087 mon-

821 2137 998 2208 tium
1039 2134 1227 2207 clivo
1273 2132 1538 2229 quibus
1589 2133 2054 2203 continuatur
2103 2131 2542 2229 Apenninus»,
2606 2131 3068 2229 perspexerit,
3127 2133 3363 2202 lacum
3419 2132 3807 2230 quemdam

824 2255 996 2327 olim
1044 2255 1120 2324 in
1173 2252 1364 2324 edita
1415 2252 1679 2321 montis
1731 2265 1933 2350 parte
1979 2249 2176 2320 velut
2222 2251 2297 2320 in
2335 2262 2606 2319 cratere
2642 2249 2993 2320 inclusum
3043 2249 3253 2320 fuisse
3288 2251 3628 2322 censebit.
3668 2255 3811 2325 Has

824 2377 1090 2468 scilicet
1139 2388 1358 2444 terras
1407 2371 1702 2442 minime
1752 2369 2038 2440 stabiles
2085 2367 2468 2465 firmasque
2525 2393 2725 2464 aquae
2774 2369 2966 2440 lente
3018 2369 3298 2466 alteque
3351 2369 3804 2442 subederant.

824 2502 978 2567 Jam
1013 2493 1330 2592 quodam
1367 2492 1519 2578 die,
1574 2491 1769 2562 lacus
1815 2493 1944 2561 iste
1971 2546 1989 2581 ,
2042 2491 2268 2588 ruptis
2311 2489 2875 2587 impedimentis,
2922 2515 3238 2590 praeceps
3284 2507 3353 2562 et
3388 2492 3460 2562 in
3509 2491 3809 2563 modum

825 2615 1157 2712 torrentis
1189 2611 1426 2682 subito
1462 2609 1761 2697 effusus,
1803 2608 2043 2706 glebas
2076 2624 2148 2679 et
2200 2609 2380 2680 illisa
2430 2635 2597 2681 saxa
2644 2635 2889 2682 secum
2925 2613 3246 2708 rapien5‚
3289 2637 3435 2683 uno
3470 2612 3813 2710 temporis

821 2734 1148 2822 articuIO,
1187 2732 1346 2802 loca
1378 2729 1926 2827 subterjacentia
1956 2729 2238 2800 videtur
2263 2729 2725 2826 oppressisse.
2771 2734 2817 2800 A
2843 2753 2991 2826 quo
3026 2728 3166 2814 die,
3205 2730 3429 2800 tristia
3464 2729 3615 2803 haec
3655 2730 3814 2801 loca

827 2851 898 2921 in
933 2863 1207 2922 vastam
1241 2848 1701 2920 solitudinem
1737 2861 2001 2918 mutata
2037 2862 2226 2936 sunt,
2268 2846 2394 2917 ubi
2416 2849 2530 2917 vix
2572 2873 2758 2918 unus
2790 2863 2860 2918 et
2891 2849 3067 2919 alter
3096 2849 3389 2936 *oberrat
3420 2853 3805 2948 caprarius.

827 2970 1003 3042 Inde
1035 2973 1246 3042 etiam
1283 2995 1482 3040 nunc
1515 2971 1926 3056 Roainazzo,
1967 2991 2091 3038 seu
2127 2991 2337 3036 mons
2373 2967 2621 3058 ruinae,
2654 2968 2909 3061 jugum
2944 2969 3133 3040 istud
3167 2968 3586 3067 appellatur.

925 3095 976 3186 ς
1019 3095 1201 3161 Xlll.
1260 3095 1466 3161 Anno
1505 3091 1694 3163 1760
1730 3087 1985 3160 effossa
2033 3089 2346 3185 primum
2399 3085 2609 3159 fuisse
2636 3087 2967 3160 Veleiatis
3010 3088 3157 3183 agri
3194 3087 3456 3161 rudera
3492 3092 3815 3189 superius

827 3212 998 3281 dixi.
1033 3216 1174 3281 Nec
1197 3210 1498 3281 cessavit
1521 3232 1746 3303 usque
1772 3208 1863 3279 ad
1890 3232 2164 3279 annum
2191 3206 2378 3281 1765
2399 3206 2792 3278 effodiendi
2819 3206 3053 3279 labor.
3082 3212 3349 3279 Iterum
3372 3234 3567 3281 anno
3595 3216 3807 3302 1770,

829 3356 997 3401 mox
1049 3354 1244 3402 anno
1295 3330 1519 3419 1775,
1580 3328 1842 3400 deinde
1895 3353 2091 3400 anno
2141 3332 2316 3403 1801
2367 3329 2633 3400 versari
2686 3328 2919 3401 solum
2972 3344 3045 3401 et
3092 3328 3334 3401 denuo
3393 3332 3812 3430 interrogari

827 3451 1068 3547 coepit.
1123 3454 1488 3521 Postremo
1535 3449 1739 3519 annis
1776 3452 1804 3519 -1
1822 3451 2000 3523 842¹
2037 3464 2108 3520 et
2144 3451 2364 3539 1843,
2412 3473 2657 3521 rursus
2707 3450 3107 3521 scrutandis
3150 3452 3528 3524 ruderibus
3560 3454 3633 3525 d.
3674 3460 3814 3525 Lo-

829 3569 1067 3667 pesius
1099 3570 1248 3667 ipse
1283 3566 1655 3665 praefectus
1689 3582 1822 3638 est.

927 3692 978 3783 S
1010 3694 1194 3759 XIV.
1251 3692 1494 3775 Quum
1529 3702 1766 3760 autem
1801 3690 2122 3760 virorum
2160 3687 2581 3780 doctorum,
2632 3690 3071 3786 quicumque
3104 3692 3175 3761 in
3214 3690 3409 3762 ltalia
3440 3707 3641 3763 erant
3664 3748 3683 3783 ‚
3734 3716 3818 3763 ea

829 3811 1122 3899 rudera,
1156 3831 1314 3905 quae
1351 3808 1543 3905 apud
1577 3807 1896 3880 Veleiam
1931 3808 2483 3897 effodiebantur,
2525 3809 2963 3903 diligentiam
2993 3810 3213 3903 magis
3246 3833 3330 3880 ac
3364 3812 3587 3906 magis
3618 3813 3814 3881 exci-

831 3944 1097 4021 tarent,
1152 3930 1210 3999 si
1253 3954 1395 4025 qua
1441 3927 1541 3998 ibi
1593 3940 1870 4025 reperta
1917 3928 2146 3997 suerat
2189 3927 2597 4025 inscriptio,
2645 3926 2816 3996 huic
2852 3928 3285 4024 explicandae
3324 3954 3611 3999 summo
3646 3954 3815 4001 cum

829 4050 1065 4121 studio
1102 4050 1652 4138 incumbebant3
1706 4073 1939 4146 neque
1974 4073 2058 4120 ea
2091 4073 2200 4119 res
2237 4049 2327 4119 ad
2357 4049 2669 4147 Trajanae
2692 4046 2973 4119 Tabulae
3017 4048 3503 4141 cognitionem
3540 4048 3815 4121 medio-

830 4169 966 4239 cris
998 4167 1130 4239 fuit
1165 4168 1431 4240 auxilii.
1471 4173 1626 4239 Hoc
1667 4169 1861 4239 enim
1904 4168 2230 4266 inprimis
2255 4166 2687 4239 studuerunt
2720 4182 2799 4239 ut
2826 4192 2909 4239 ex
2944 4168 3162 4239 titulis
3194 4169 3342 4239 istis
3377 4193 3563 4240 nova
3594 4169 3815 4241 veluti

829 4288 939 4360 fax
977 4288 1302 4384 quaedam
1337 4289 1847 4361 accenderetur
1879 4314 2040 4386 quae
2072 4289 2147 4361 in
2171 4291 2407 4361 Veleia
2433 4290 2744 4382 civitate,
2782 4290 2982 4387 cujus
3013 4313 3364 4387 pagorum
3401 4290 3817 4363 fundorum·

831 4434 972 4507 que
1003 4409 1188 4481 adeo
1223 4411 1551 4507 frequens
1585 4425 1689 4481 est
1725 4411 1798 4481 in
1835 4435 2094 4507 magna
2125 4410 2240 4482 illa
2279 4412 2741 4507 inscriptione
2774 4413 3072 4502 mentio,
3114 4411 3220 4483 vel
3259 4413 3591 4485 minimas
3619 4415 3816 4488 loco·

831 4554 994 4600 rum
1028 4531 1443 4627 partitiones
1488 4531 1895 4602 illustraret.
1955 4529 2060 4602 Ab
2099 4554 2295 4601 anno
2347 4532 2563 4627 igitur
2600 4534 2792 4604 1764-
2832 4556 3060 4630 usque
3105 4532 3193 4602 ad
3236 4534 3451 4623 1768,
3493 4536 3813 4631 quinque

831 4652 1165 4748 epistolas
1219 4653 1502 4723 Lamius
1543 4651 1766 4724 edidit
1789 4656 1835 4741 ⁹,
1891 4652 1964 4723 in
2014 4653 2280 4750 quibus
2329 4652 2659 4724 locorum
2713 4653 3065 4725 rationem
3109 4679 3266 4751 quae
3317 4656 3403 4726 sit
3450 4655 3807 4753 explorat,

914 4823 969 4877 1.
1003 4822 1232 4876 Lettera
1264 4818 1358 4877 del
1387 4818 1496 4899 sig.
1530 4820 1776 4879 Michele
1811 4824 2002 4893 Lopez
2039 4819 2092 4878 al
2130 4818 2359 4879 celebre
2403 4818 2476 4878 ed
2523 4820 2748 4878 illustre
2782 4831 2952 4877 conte
2996 4820 3423 4879 Bartolommeo
3468 4820 3747 4902 Borghesi
3781 4844 3815 4882 a

834 4924 891 4979 S.
927 4922 1154 4979 Marino
1187 4942 1199 4977 :
1233 4921 1546 4984 Bullettino
1575 4922 1708 4981 den’
1731 4924 1983 4983 Institut.
2007 4923 2066 4982 di
2093 4924 2333 5003 corrisp.
2362 4923 2646 4997 archeol.‚
2678 4923 2999 4983 novembre
3018 4926 3195 4985 18⁴2.

913 5026 971 5081 2.
1011 5024 1239 5083 Novell.
1276 5025 1504 5097 lettere,
1542 5030 1723 5097 1704,
1751 5038 1818 5084 ιιο
1846 5028 1956 5098 343
1992 5030 2171 5098 1768,
2193 5036 2278 5085 11⁰⁸
2307 5029 2408 5101 24,
2434 5029 2535 5099 25,
2570 5028 2671 5098 30,
2709 5029 2805 5084 31.
3224 5026 3231 5033 “
