5080 6254
2111 691 2502 763 ...71-

821 853 1096 956 aliquid
1123 852 1566 926 auctoritatis
1597 851 1939 924 accedere
1973 851 2360 924 arbitratus
2387 867 2519 924 est.
2561 853 2777 926 Aliter
2808 880 2983 928 vero
3008 859 3521 933 Mommsenius
3556 863 3797 954 sentit,

821 991 1072 1077 postea
1100 989 1344 1048 autem
1377 986 1450 1046 et
1483 975 1636 1072 ipse
1668 973 1886 1045 etiam
1913 972 2142 1065 aliter,
2178 975 2256 1045 ni
2291 973 2524 1064 fallor,
2564 976 2967 1049 Henzenius
3006 1004 3025 1050 ε

923 1101 996 1170 1⁰
1025 1101 1350 1194 Namque
1383 1094 1458 1166 in
1499 1097 1686 1165 xl11⁰
1722 1092 1886 1165 libri
1931 1094 2042 1165 sui
2090 1094 2320 1190 capite
2351 1094 2424 1164 in
2457 1097 2945 1194 manuscripto
2982 1093 3299 1192 quodam
3333 1096 3560 1189 Plinii,
3604 1095 3806 1195 quod

822 1211 1233 1286 duodecimi
1262 1209 1500 1283 saeculi
1537 1224 1672 1303 est,
1699 1210 1919 1283 verba
1959 1239 1996 1279 α
2031 1225 2102 1282 et
2136 1213 2263 1307 qui
2292 1213 2670 1285 Baebiani»
2712 1213 2971 1290 fatetur
2997 1215 3312 1306 deesse¹3

919 1338 994 1408 2·
1025 1331 1304 1403 Deinde
1346 1329 1596 1404 salsam
1630 1346 1756 1404 aut
1795 1330 2268 1404 adulteratam
2307 1357 2460 1404 esse
2499 1333 2729 1424 illam,
2768 1359 2913 1432 qua
2944 1336 3197 1408 nititur
3220 1336 3649 1425 Henzenius,
3691 1337 3802 1407 in-

820 1451 1317 1549 scriptionem*
1349 1462 1577 1548 patet.

918 1596 970 1687 5
1001 1597 1122 1665 111.
1159 1591 1477 1664 Verbum
1529 1589 1906 1690 quoddam
1938 1617 2088 1664 non
2133 1591 2355 1664 semel
2392 1594 2464 1664 in
2499 1595 2839 1690 Ligurum
2872 1592 3143 1666 Tabula
3182 1610 3644 1693 usurpatum,
3683 1621 3805 1669 ex·

821 1709 1262 1811 planandum
1292 1709 1468 1781 mihi
1500 1726 1606 1782 est
1643 1737 1660 1782 :
1699 1710 1792 1783 de
1825 1711 2048 1785 verbo
2065 1715 2352 1812 pertica
2384 1715 2640 1810 agitur.
2684 1719 2783 1786 Ea
2815 1729 3056 1788 autem
3089 1727 3195 1786 est
3220 1715 3539 1820 Frontini
3564 1716 3806 1815 expla-

821 1831 1092 1904 natio⁸:
1125 1827 1475 1902 «Solum..
1492 1883 1543 1902 ..
1572 1829 2090 1927 quodcumque
2117 1832 2419 1904 coloniae
2447 1847 2553 1904 est
2580 1833 3059 1932 adsignatum,
3090 1832 3169 1906 id
3192 1833 3608 1907 universum
3629 1858 3807 1932 per·

828 1983 862 2020 α
923 1955 1062 2024 tica
1102 1949 1501 2050 appellatur
1542 1975 1559 2019 ε
1611 1949 1967 2048 quidquid
2029 1949 2200 2023 huic
2255 1952 2703 2024 uniuersitati
2746 1952 3169 2051 adplicitum
3222 1966 3330 2026 est
3376 1977 3465 2025 ex
3513 1952 3798 2026 alterius

826 2103 864 2143 α
918 2072 1222 2145 ciuitatis
1254 2069 1425 2162 fine,
1463 2069 1644 2168 [siue
1687 2069 2002 2143 solidum
2038 2073 2190 2144 siue
2230 2072 2673 2146 cultellatum
2709 2071 2974 2170 fueritJ,
3006 2075 3443 2170 praefectura
3482 2073 3803 2172 appella-

821 2205 962 2265 tur.
997 2222 1033 2257 n
1089 2189 1268 2262 lnde
1311 2190 1637 2288 sequitur
1656 2193 2018 2288 per-tecam
2057 2189 2235 2262 nihil
2289 2191 2499 2263 fuisse
2542 2190 2738 2263 aliud
2774 2214 2994 2287 quam
3036 2213 3289 2286 agrum
3328 2192 3453 2288 qui
3498 2190 3802 2263 coloniae

820 2311 1336 2407 adsignaretur.
1379 2311 1626 2396 Quum
1660 2333 1834 2380 vero
1870 2309 2150 2382 colonis
2185 2335 2230 2382 a
2265 2324 2515 2382 senatu
2572 2309 2803 2382 missis
2843 2332 3013 2406 ager
3044 2306 3163 2382 ille
3207 2333 3363 2380 non
3404 2307 3759 2382 sufficeret
3780 2365 3803 2401 ,

819 2446 994 2504 tunc
1029 2427 1300 2528 aliquid
1335 2427 1427 2502 de
1473 2429 1810 2527 proximo
1855 2429 2013 2500 solo
2049 2428 2559 2502 detrahebatur
2589 2443 2661 2501 et
2702 2431 2951 2529 primae
2974 2430 3273 2527 perticae
3304 2426 3796 2525 adjiciebatur.

821 2553 937 2626 Sic
985 2550 1302 2649 adjectus
1337 2549 1726 2624 vombatur
1761 2573 1928 2646 ager
1942 2552 2410 2647 praefectura.

918 2672 1128 2744 Haud
1151 2670 1352 2745 aliter
1383 2675 1902 2744 anvxmms
1932 2670 2082 2765 agri
2117 2668 2448 2741 nonnulli
2475 2667 2825 2763 adsignati
2874 2683 3044 2741 sunt
3086 2670 3212 2767 qui
3243 2671 3579 2742 hennum
3610 2669 3807 2768 prius

822 2794 1099 2866 fuerant
1115 2849 1136 2884 ,
1186 2791 1550 2889 iidemque
1601 2795 2257 2862 Bmvssmmonum
2296 2789 2581 2889 perticae
2622 2788 2901 2861 fuerant
2932 2787 3225 2885 adjecti,
3263 2805 3337 2861 et
3391 2790 3805 2862 universum

903 3086 930 3141 1
947 3127 962 3144 .
1001 3107 1027 3133 σι
1043 3080 1254 3142 Codice
1269 3079 1504 3159 quidem
1527 3078 1821 3141 Naturalis
1846 3077 2118 3139 Historiae
2133 3077 2436 3151 Plinianae,
2465 3094 2641 3157 quem
2668 3077 2731 3135 in
2754 3075 3105 3139 bibliotheca
3129 3078 3509 3141 Riccardiana
3532 3099 3805 3143 asserva·

823 3200 944 3245 tum
975 3184 1436 3263 antiquissimum
1475 3183 1602 3243 eius
1635 3182 1836 3262 operis
1875 3183 2180 3261 exemplar
2221 3200 2498 3258 nonoque
2535 3200 2599 3259 p.
2642 3178 2783 3241 Chr.
2822 3178 3035 3237 saeculo
3065 3180 3455 3259 conscriptum
3484 3180 3807 3243 Florentini

821 3284 1158 3365 praedicant,
1176 3282 1358 3344 verba
1381 3308 1406 3339 ι
1432 3296 1492 3343 et
1515 3284 1620 3362 qui
1646 3282 1950 3342 Baebiani»
1975 3284 2358 3355 omittuntur;
2388 3281 2516 3353 sed,
2544 3292 2928 3361 praeterquam
2954 3279 3135 3358 quod,
3158 3281 3261 3359 qui
3282 3300 3411 3343 mea
3436 3300 3641 3343 caussa
3666 3302 3801 3343 eum

821 3386 1092 3467 inspexit,
1121 3383 1588 3447 Giesebrechtius
1617 3404 1736 3444 non
1767 3397 1903 3444 ante
1930 3383 2340 3443 duodecimum
2369 3382 2643 3443 saeculum
2674 3402 2807 3441 eum
2836 3393 3136 3441 exaratum
3156 3368 3282 3442 esse
3294 3382 3601 3459 judicavit,
3628 3382 3801 3443 valde

819 3502 1092 3571 corrupta
1117 3500 1254 3549 sunt
1269 3486 1448 3547 verba
1471 3486 1652 3567 ipsius
1677 3485 1879 3567 capitis
1905 3485 1980 3546 ad
1999 3484 2158 3565 quod
2178 3504 2272 3559 ea,
2291 3504 2421 3563 quae
2443 3484 2765 3555 attulimus,
2790 3484 3104 3563 pertinent,
3130 3504 3268 3546 cum
3292 3504 3413 3545 non
3442 3485 3633 3546 solum
3666 3486 3803 3545 'Ba-

820 3592 980 3651 biam·
997 3590 1210 3664 desint,
1237 3588 1344 3651 sed
1375 3593 1698 3649 Vesceliam·
1721 3607 1984 3667 quoque,
2017 3606 2126 3667 pro
2138 3589 2408 3645 AEculani
2429 3596 2625 3645 autem
2652 3588 2941 3645 Dec-ulam·
2958 3585 3068 3645 scri
3075 3597 3239 3665 ptum
3260 3584 3361 3645 sit.
3382 3611 3411 3639 ι
3444 3584 3796 3650 Henzenius.

899 3744 958 3803 2.
1917 3742 2044 3795 SEX
2076 3761 2092 3777 ·
2124 3740 2314 3792 mmo
2348 3759 2364 3774 ·
2397 3752 2501 3791 sex
2533 3759 2549 3773 ·
2582 3732 2613 3789 f
2637 3759 2653 3775 ·

2045 3841 2179 3895 TER
2210 3860 2225 3876 ·
2260 3838 2547 3892 SILVANO

1979 3944 2112 3999 AED
2145 3963 2162 3978 ·
2194 3942 2362 3994 llvln
2394 3961 2410 3977 ·
2444 3940 2608 4003 va

1925 4044 2102 4099 PATR
2135 4066 2152 4079 ·
2184 4040 2398 4097 COLON
2433 4062 2450 4077 ·
2483 4038 2681 4094 ALLIF

1749 4147 1964 4211 QVEST
2000 4167 2015 4182 ·
2048 4146 2170 4200 SAc
2207 4166 2222 4181 ·
2255 4146 2295 4197 P
2329 4165 2342 4179 ·
2376 4144 2540 4197 ALm
2576 4162 2591 4178 ·
2624 4140 2837 4207 QVEST

1771 4247 2033 4302 DEFENS
2067 4268 2083 4283 ·
2117 4248 2201 4300 ΒΡ
2235 4268 2250 4282 ·
2283 4245 2500 4299 PRAEF
2534 4264 2551 4281 ·
2584 4245 2838 4299 ITERVM

1777 4348 1997 4403 CVRAT
2032 4369 2049 4385 ·
2082 4348 2354 4403 clvl'rss
2390 4368 2406 4385 ·
2438 4344 2817 4401 ATINATIVK

1775 4450 1940 4507 ITEM
1973 4472 1989 4489 ·
2023 4452 2240 4505 CVRAT
2275 4471 2292 4486 ·
2327 4450 2623 4504 LIGVRVM
2656 4469 2673 4485 ·
2705 4447 2832 4503 (201.

2019 4552 2587 4606 conNEuAnonvn

1849 4652 2370 4709 courvmmmvu
2403 4674 2420 4690 ·
2453 4650 2742 4707 VENERIS

1679 4746 1687 4756 ⁶
1778 4756 2088 4813 mallono
2121 4778 2138 4793 ·
2171 4758 2254 4811 OB
2286 4777 2303 4793 ·
2335 4756 2593 4810 nulum
2622 4774 2638 4791 ·
2672 4754 2823 4811 EIVS

2021 4860 2062 4912 ι.
2093 4848 2112 4895 ³
2145 4860 2188 4911 n
2221 4878 2238 4895 ·
2272 4860 2315 4911 n
2348 4879 2364 4895 ·
2399 4860 2441 4911 1>
2475 4878 2492 4893 ·

1015 4958 1201 5016 Versu
1225 4968 1466 5031 octavo,
1495 4954 1806 5016 delendam
1833 4973 1960 5015 esse
1985 4974 2194 5015 vocem
2224 4960 2350 5013 COL
2379 4972 2577 5012 coram
2610 4970 2707 5011 me
2734 4949 2864 5031 ipso
2896 4948 3227 5011 Henzenius
3254 4948 3566 5011 affirmavit

900 5084 956 5141 3.
989 5084 1077 5141 De
1103 5078 1271 5143 limit.
1302 5098 1523 5163 agi-or..
1553 5100 1618 5161 p.
1645 5080 1750 5142 26.
1781 5078 2096 5140 Gromatici
2129 5082 2390 5142 Veteres.
2431 5077 2543 5139 Ed.
2578 5072 2884 5137 Rudorffii.
2912 5078 3189 5151 Bemlc’nt,
3213 5074 3392 5134 1848.
