5080 6254
2577 692 2974 768 ...38-

1379 869 1533 938 Hoc
1570 877 1933 963 praeterea,
1972 861 2045 932 in
2084 859 2334 932 eadem
2372 860 2733 959 pactiOne,
2767 858 3238 933 animadverti
3270 872 3529 958 potest,
3569 860 3644 934 in
3681 862 3894 935 unius
3923 864 4270 964 cujusque

1280 985 1481 1057 fundi
1513 982 1981 1056 aestimatione
2012 981 2335 1080 pecuniae
2365 1004 2684 1051 summas
2703 1034 2720 1069 ‚
2753 980 2813 1049 si
2845 992 3232 1076 supputare
3265 980 3398 1078 ipsi
3425 980 3866 1055 voluerimus
3887 1038 3910 1074 ,
3961 984 4270 1081 singula·

1281 1106 1411 1186 tim
1465 1105 1775 1202 majores
1826 1101 2016 1175 effici
2068 1126 2287 1199 quam
2339 1123 2496 1198 quae
2540 1101 2616 1171 in
2685 1099 2893 1170 titulo
2943 1097 3432 1189 declarantur-3
3487 1114 3560 1170 et
3609 1116 3848 1172 tamen
3903 1104 4270 1201 utriusque

1280 1250 1579 1297 summae
1610 1224 1875 1322 paritas
1906 1220 2235 1319 quaedam
2268 1244 2421 1292 esse
2462 1219 2800 1309 deberet,
2845 1243 3072 1317 quum
3113 1218 3206 1290 de
3246 1218 3462 1291 rebus
3513 1220 3764 1292 iisdem
3809 1237 4110 1321 utraque
4147 1225 4272 1299 fiat

1280 1344 1687 1433 aestimatio;
1717 1342 1917 1441 quod
1942 1344 1999 1414 si
2020 1341 2432 1438 discrepant
2448 1340 2635 1410 inter
2655 1362 2730 1409 se
2749 1364 3071 1430 summae,
3095 1362 3244 1410 non
3267 1354 3522 1411 auctor
3537 1366 3708 1413 sane
3731 1342 3848 1414 ille
3867 1368 4019 1417 esse
4037 1361 4272 1444 potest

1282 1466 1409 1563 qui
1447 1464 1792 1537 Tabulam
1829 1462 2163 1561 sculpsit3
2202 1485 2516 1558 namque
2552 1459 2704 1531 haec
2749 1459 3162 1558 disparitas,
3213 1485 3384 1531 cum
3429 1463 3948 1559 quinquaginta
3983 1491 4271 1566 unaque

1280 1584 1653 1680 pactiones
1683 1582 1755 1652 in
1784 1580 2053 1652 Tabula
2075 1580 2241 1670 sint,
2275 1580 2470 1678 apud
2502 1604 2766 1652 novem
2799 1594 2870 1652 et
2901 1581 3146 1676 viginti
3177 1605 3264 1652 ex
3298 1580 3432 1652 illis
3459 1586 3834 1679 reperitur.
3866 1587 4083 1672 Quod
4109 1590 4268 1685 qui·

1282 1700 1453 1775 dem
1468 1702 1652 1773 infra
1668 1701 2074 1799 explanare,
2100 1714 2314 1797 atque
2338 1698 2507 1771 inde
2526 1699 2884 1773 deducere
2904 1701 3028 1797 qui
3049 1700 3312 1771 fuerint
3325 1725 3673 1799 pagorum
3693 1706 3892 1793 situs,
3915 1707 4262 1781 conabor.

1382 1832 1434 1924 S
1486 1834 1603 1901 IV.
1668 1834 1742 1900 ln
1800 1830 2004 1902 tertia
2058 1830 2430 1927 pactione,
2492 1828 2826 1901 videmus
2878 1834 2957 1899 T.
3030 1830 3348 1899 Naevium
3397 1829 3712 1901 colonias
3781 1838 3873 1905 II
3920 1833 4262 1932 obligare.

1286 1950 1505 2036 Quod
1545 1948 1977 2022 vocabulum
2029 1947 2205 2045 quid
2254 1947 2602 2043 significet
2641 1946 2856 2019 nobis
2905 1947 3008 2018 sic
3052 1948 3352 2045 exponit
3395 1947 3787 2022 Columella
3835 1979 3851 2021 x
3893 1982 3928 2017 α
3967 1955 4266 2028 Colonia

1286 2068 1817 2166 agricolationis
1856 2067 2103 2139 locum
2137 2068 2582 2165 arator-isque
2619 2066 2986 2140 officinam
3023 2066 3450 2163 significat¹.
3497 2096 3532 2135 η

1379 2192 1431 2281 S
1458 2193 1545 2260 V.
1582 2194 1661 2260 ln
1693 2189 1941 2286 quinta
1970 2189 2341 2287 pactione,
2382 2214 2553 2261 cum
2585 2193 2682 2261 Μ.
2727 2190 3042 2261 Antonio
3081 2190 3320 2260 Prisco
3365 2189 3586 2282 sacta,
3617 2220 3650 2258 n
3696 2193 4075 2267 Atilianum
4109 2199 4269 2271 fun·

1283 2307 1464 2380 dum
1488 2333 1657 2380 cum
1690 2309 1883 2381 silvis
1922 2308 2532 2381 communionibus
2556 2307 2826 2406 obligat
2844 2314 2889 2380 ¹.
2919 2340 2953 2376 »
2991 2308 3268 2383 Scilicet
3293 2313 3819 2383 communiones
3851 2315 4273 2393 dicebantur

1284 2440 1488 2499 terrae
1520 2452 1827 2525 quarum
1865 2452 1950 2499 ea
2000 2442 2153 2500 erat
2204 2426 2527 2499 conditio
2573 2442 2656 2499 ut
2697 2452 3124 2501 communes
3171 2455 3455 2528 semper
3491 2449 3909 2530 manerent3
3966 2464 4271 2535 quarum

1285 2546 1499 2619 nobis
1528 2550 1878 2643 originem
1910 2547 2550 2645 conditionemque
2577 2548 2852 2623 indicat
2884 2551 3287 2646 Hyginus⁸z
3339 2582 3374 2617 α
3404 2551 3642 2624 Multis
3667 2556 3968 2629 coloniis
4007 2560 4271 2634 immu-

1285 2666 1473 2736 nitas
1528 2666 1700 2736 uicit
1762 2666 1911 2763 agri
1968 2666 2562 2762 assignationem3
2629 2681 2705 2739 et
2764 2692 2992 2766 quum
3056 2670 3218 2767 plus
3283 2685 3490 2745 terrae
3540 2696 3762 2769 quam
3817 2676 4068 2751 datum
4123 2696 4274 2754 erat

1284 2798 1687 2882 superesset
1712 2840 1731 2876 ,
1772 2784 2116 2882 proximis
2156 2784 2690 2921 possessoribus
2723 2786 2974 2859 datum
3007 2804 3112 2859 est
3157 2789 3230 2859 in
3265 2815 3654 2863 commune
3679 2848 3696 2881 ‚
3735 2796 4027 2869 nomine
4067 2824 4270 2871 com-

1283 2929 1823 3004 pascuorum.»
1860 2908 2109 2977 Monet
2164 2906 2316 3003 ipse
2367 2921 2621 2978 auctor
2666 2932 2760 2978 ne
2799 2907 2954 2980 illas
2993 2908 3298 2981 easdem·
3329 2924 3544 3006 atque
3587 2940 3623 2981 «
3676 2937 3941 3011 pascua
3984 2916 4271 3015 publica

1286 3026 1591 3101 coloniae
1627 3057 1662 3094 n
1698 3027 1905 3099 fuisse
1932 3042 2291 3126 putemus.

1384 3151 1437 3241 S
1480 3151 1749 3221 V1.1n
1794 3146 2073 3220 decima
2118 3147 2496 3244 pactione*
2538 3152 2637 3220 M.
2691 3148 2937 3220 Vibius
2989 3150 3296 3223 fundum
3349 3118 3760 3227 Mucianum
3808 3161 4270 3232 Veturianum

1287 3291 1456 3339 cum
1504 3267 1775 3339 mer-ede
1822 3265 2227 3366 profitetur.
2280 3267 2564 3364 Duplex
2612 3269 2717 3341 ibi
2757 3270 3066 3341 occurrit
3107 3271 3571 3368 explanatio.
3611 3275 3728 3346 Sic
3775 3279 4274 3352 Forcellinius⁸

1288 3387 1802 3486 interpretatur
1856 3414 1871 3456 ε
1929 3417 1965 3452 α
2024 3388 2275 3478 Meris,
2328 3386 2504 3480 idcir,
2565 3387 2614 3459 f.
2677 3393 2887 3487 μερίς,
2951 3389 3100 3486 agri
3152 3415 3316 3488 pars
3359 3416 3402 3464 a
3449 3391 3677 3465 fundo
3720 3393 3980 3486 divisa,
4039 3400 4273 3472 eidem

1291 3519 1533 3576 tamen
1577 3505 1814 3576 addita
1874 3518 1945 3576 et
1980 3505 2296 3600 subjecta
2336 3532 2352 3575 ε
2400 3531 2443 3578 a
2479 3511 2702 3605 μείρω,
2742 3509 2990 3580 divido
3021 3509 3228 3606 (Tab.
3266 3511 3460 3582 alim.
3492 3513 3673 3586 Vell.
3722 3538 3765 3586 a
3801 3519 4017 3589 Lama
4049 3519 4272 3611 edita,

1292 3622 1436 3694 col.
1464 3627 1537 3716 7,
1578 3623 1626 3694 l.
1675 3625 1795 3718 15,
1831 3639 1903 3696 et
1940 3622 2082 3697 col.
2119 3627 2195 3714 4,
2233 3625 2282 3697 l.
2315 3627 2454 3716 38,
2510 3642 2585 3699 et
2627 3627 2767 3699 col.
2807 3629 2881 3718 6,
2920 3627 2970 3699 l.
3011 3628 3164 3726 86).
3195 3657 3233 3697 »
3285 3629 3392 3701 Ad
3437 3633 3720 3704 comitis
3753 3659 3924 3706 vero
3963 3639 4276 3734 Asquinii

1294 3743 1721 3813 sententiam
1750 3743 2199 3840 potissimum
2232 3744 2529 3837 accedo,
2570 3748 2730 3841 qui,
2773 3772 3000 3844 quum
3037 3746 3474 3822 vocabulum
3506 3755 3724 3822 meris
3753 3755 3825 3824 in
3864 3754 4106 3852 lingua
4137 3759 4276 3832 cel-

1297 3861 1435 3932 tica
1479 3860 1815 3960 paludem
1856 3863 2239 3959 significet,
2279 3864 2370 3937 de
2402 3866 2668 3966 palude
2713 3869 2783 3940 in
2818 3868 3088 3942 Tabula
3119 3871 3232 3967 agi
3264 3871 3412 3943 sive
3449 3875 3692 3972 potius
3720 3875 3810 3948 de
3845 3877 4274 3974 quibusdam

1295 3980 1473 4054 locis
1500 3981 1935 4082 palustribus
1968 3982 2380 4058 arbitratur.

1379 4170 1437 4224 1.
1472 4167 1608 4225 vid.
1640 4188 1737 4248 ap.
1765 4169 2176 4249 Columellam,
2202 4177 2321 4249 XI,
2349 4193 2373 4231 1
2392 4217 2408 4246 ,
2434 4172 2481 4254 S
2506 4177 2608 4232 23.

1379 4268 1416 4323 Ξ
1471 4267 1593 4326 Col.
1630 4272 1712 4342 11,
1740 4269 1782 4329 l.
1815 4272 1912 4328 u.

1382 4373 1438 4428 3.
1471 4373 1760 4451 Hyginus,
1783 4393 1843 4453 p.
1862 4376 2005 4436 201.
2034 4379 2124 4437 De
2148 4377 2453 4436 Limitibus
2479 4393 2666 4438 const.
2689 4379 2830 4439 edit.
2856 4379 3166 4444 Rudorssii.
3193 4383 3508 4444 Gromatici
3526 4399 3774 4448 veteres.
3797 4395 3872 4448 Bc
3869 4398 4074 4465 -role'm‘,
4095 4397 4272 4456 1848.

1296 4501 1377 4512 -
1406 4469 1493 4529 Cf.
1540 4473 1927 4532 Frontinum.
1966 4477 2241 4536 «Relicta
2276 4491 2410 4537 sunt
2448 4491 2509 4538 et
2545 4481 2726 4539 multa
2769 4482 2894 4540 loca
2929 4503 3060 4560 quae
3097 4487 3388 4546 ueteranis
3428 4487 3561 4548 data
3591 4509 3709 4548 non
3741 4505 3896 4555 sunt.
3935 4499 4071 4553 Haec
4101 4496 4279 4555 uariis

1299 4570 1781 4649 appellationibus
1807 4594 1913 4653 per
1940 4575 2205 4654 regiones
2236 4579 2653 4640 nominantur:
2681 4584 2740 4642 in
2769 4584 3000 4644 Etruria
3023 4589 3411 4650 communalia
3443 4604 3748 4665 uocantur,
3781 4607 3943 4654 ete.»
3993 4601 4080 4658 De
4119 4601 4277 4657 Con-

1298 4673 1595 4732 troversiis
1621 4695 1928 4755 agrorum,
1959 4695 2021 4755 p.
2045 4680 2144 4736 48.
2174 4680 2317 4738 Ead.
2350 4681 2501 4740 Edit.

1379 4777 1909 4851 4..,..c01111u

1382 4879 1440 4932 5.
1472 4877 1669 4935 Totius
1694 4877 1990 4939 latinitatis
2016 4882 2295 4955 Iaexicon,
2326 4885 2572 4946 consilio
2593 4902 2652 4947 et
2679 4909 2817 4949 cura
2837 4891 3038 4951 Jacobi
3067 4895 3395 4966 Pacciolati‚
3423 4917 3604 4976 opera
3629 4901 3890 4961 etstudio
3906 4905 4116 4983 AEgidii
4149 4909 4282 4964 For·

1298 4977 1524 5049 cellini,
1574 4979 1795 5039 alumni
1838 4981 2135 5044 seminarii
2168 4986 2431 5046 Patavini
2472 4989 2684 5048 lucubn
2684 5005 2880 5064 atum
2912 5007 3023 5056 etc.
3069 4997 3499 5077 Schneebergae,
3550 5003 3749 5076 1831,
3807 5005 3982 5064 editio
4027 5007 4088 5063 in
4131 5009 4276 5066 Ger·

1300 5078 1493 5136 mania
1524 5080 1734 5156 prima.
