5080 6254
2639 652 2976 725 -8-

1316 820 1689 891 sidet-atur.
1720 818 2088 916 Temporis
2116 817 2459 913 angustiae
2490 815 2922 890 obstiterunt
2954 819 3344 915 quominus
3376 820 3774 917 quidquam
3809 836 4062 921 praeter
4088 825 4300 922 primi

1316 940 1500 1013 tituli
1555 964 1798 1011 versus
1842 940 2117 1037 primos
2162 938 2259 1011 ad
2307 939 2528 1036 ipsius
2573 939 2730 1009 aeris
2773 939 3200 1037 scripturam
3248 953 3534 1013 exactos
3577 940 3842 1015 chartis
3882 958 4097 1041 atque
4132 944 4302 1018 inde

1316 1060 1500 1159 typis
1532 1073 2138 1159 repraesentarem.
2178 1059 2376 1130 Idem
2406 1062 2650 1150 Lama,
2675 1082 2871 1130 anno
2896 1061 3084 1133 1818
3113 1058 3437 1131 libellum
3456 1061 3838 1157 vulgavit¹3
3877 1089 4072 1156 mox,
4103 1090 4299 1139 anno

1312 1183 1663 1279 sequenti,
1706 1205 2046 1277 magnum
2072 1178 2164 1251 de
2180 1179 2602 1251 Veleiatium
2617 1178 2889 1251 Tabula
2912 1204 3099 1277 opus
3128 1180 3489 1280 protulit’.
3533 1184 3759 1254 Nemo
3781 1184 4043 1278 verius,
4081 1210 4299 1258 nemo

1312 1302 1548 1399 aptius
1580 1300 1671 1372 de
1706 1325 1789 1373 ea
1824 1325 1901 1372 re
1933 1299 2173 1372 adhuc
2206 1301 2579 1397 scripserat
2598 1353 2618 1391 ,
2657 1299 2852 1370 nulla
2885 1312 3124 1370 tamen
3156 1299 3488 1371 locorum
3518 1299 3768 1374 habita
3798 1304 4098 1376 ratione.
4134 1308 4299 1393 Quo

1312 1448 1425 1497 res
1459 1423 1897 1495 alimentaria
1940 1435 2207 1519 spectet
2240 1419 2572 1491 nondum
2610 1419 3032 1492 intellexisse
3067 1424 3286 1491 Lama
3325 1421 3632 1512 videtur,
3668 1423 3836 1495 licet
3883 1448 4042 1495 eam
4087 1448 4299 1498 accu-

1312 1546 1658 1617 ratissime
1709 1541 2192 1642 perpenderit.
2254 1545 2614 1611 Locorum
2659 1541 2878 1611 situm
2922 1541 3247 1638 negligit3
3301 1546 3497 1615 Carae
3539 1558 3782 1615 autem
3829 1570 3979 1617 non
4015 1546 4301 1621 videtur

1312 1666 1675 1737 sententiae
1721 1663 1989 1756 favere,
2032 1676 2103 1733 et
2142 1662 2401 1753 Lamii,
2441 1660 2688 1757 Poggii
2730 1674 2800 1733 et
2835 1660 3168 1733 Pitarellii
3209 1662 3670 1761 opinionibus
3699 1663 3897 1735 haud
3940 1666 4298 1739 immerito

1313 1787 1755 1858 adversatur.
1794 1789 1949 1855 Hoc
1984 1806 2157 1854 vero
2191 1806 2375 1880 opus
2403 1806 2492 1853 eo
2530 1806 2604 1853 se
2639 1782 2948 1853 maxime
2983 1781 3484 1871 commendat,
3524 1782 3726 1879 quod
3762 1780 3990 1855 multa
4017 1783 4110 1855 de
4136 1808 4299 1857 vec·

1314 1905 1639 2004 tigalibus
1690 1919 1941 1976 auctor
1974 1901 2409 1993 observavit,
2468 1900 2672 1999 quod
2713 1900 2933 1975 verba
2984 1903 3474 2000 Inscriptionis
3521 1917 3594 1974 et
3635 1928 3716 1976 ea
3756 1903 4052 2000 quidem
4095 1918 4300 1975 trun-

1311 2040 1466 2097 cata
1516 2024 1956 2123 explanavit,
2013 2022 2214 2120 quod
2267 2022 2343 2092 in
2375 2023 2732 2119 ple-risque
2784 2046 2860 2093 se
2917 2020 3142 2093 fidum
3202 2037 3274 2093 et
3323 2022 3934 2120 diligentissimum
3983 2026 4300 2121 praestitit

1314 2146 1794 2243 interpretem.
1877 2148 2101 2215 Nemo
2122 2199 2141 2231 ,
2213 2157 2377 2213 ante
2432 2148 2722 2213 Lamam
2743 2198 2762 2234 ,
2833 2166 2989 2214 rem
3042 2140 3439 2214 absolutius
3500 2141 3845 2230 excussit3
3915 2142 3987 2213 in
4039 2140 4300 2240 quibus

1312 2279 1553 2335 autem
1585 2275 1835 2361 peccat
1865 2262 2132 2333 inscius
2154 2318 2173 2353 ,
2207 2285 2291 2332 ea
2328 2286 2443 2332 me
2478 2286 2689 2359 spero
2724 2260 3043 2359 diligenti
3080 2285 3299 2358 opera
3333 2276 3855 2332 correcturum.

1410 2386 1461 2476 S
1504 2387 1724 2453 XXVI
1738 2436 1753 2451 .
1804 2387 2011 2452 Anno
2049 2383 2279 2473 ⁴822,
2336 2384 2680 2453 Ernestus
2721 2380 3230 2480 spangenberg
3277 2380 3624 2452 Tabulam
3675 2382 3904 2478 ipsam
3953 2382 4300 2457 mendose

1311 2528 1479 2575 curn
1514 2502 1827 2574 breviori
1864 2503 2382 2574 commentario
2414 2524 2499 2571 ac
2534 2525 2834 2573 recensu
2878 2500 3232 2571 librorum
3263 2499 3357 2571 ad
3390 2499 3738 2573 Tabulam
3777 2502 4249 2597 spectantium
4273 2558 4292 2593 ,

1313 2622 1388 2693 in
1430 2647 1577 2720 quo
1610 2622 1904 2721 quidem
1940 2622 2147 2721 plura
2180 2621 2444 2693 omissa
2476 2636 2680 2714 sunt,
2722 2620 3016 2720 protulit
3036 2620 3085 2691 ⁸.

1410 2747 1461 2836 S
1494 2748 1773 2813 XXVII.
1828 2742 2101 2814 Eodem
2132 2757 2493 2840 tempore,
2534 2740 2628 2814 de
2673 2741 3134 2814 alimentariis
3179 2739 3784 2832 institutionibuS,
3821 2740 4177 2840 praecipue
4207 2741 4300 2813 de

1313 2864 1735 2937 Veleiatium
1764 2862 2033 2935 Tabula
2054 2918 2073 2953 ,
2118 2886 2350 2960 pauca
2380 2875 2909 2934 commentatus
2941 2876 3048 2933 est
3077 2862 3608 2959 Hegewischius
3630 2861 3676 2931 ⁶.

1410 2988 1460 3079 S
1522 2988 1831 3056 XXVIII.
1893 2990 2099 3061 Anno
2154 2986 2369 3076 1831,
2418 2986 2509 3053 G.
2556 2982 2958 3054 Antolinius
3011 2982 3325 3079 vulgavit
3387 2981 3653 3056 librum
3701 2982 3793 3053 de
3843 2981 3999 3055 solo
4045 2983 4300 3055 Veleiae

1310 3104 1598 3194 effosso,
1638 3127 1922 3177 necnon
1961 3117 2031 3175 et
2063 3102 2153 3174 de
2179 3101 2406 3174 veteri
2439 3100 2627 3174 illius
2662 3102 2964 3174 civitatis
2998 3116 3188 3174 statu
3213 3104 3262 3172 ⁸.

1411 3227 1459 3315 S
1499 3227 1748 3292 XXIX.
1789 3226 1885 3291 Ex
1920 3221 2035 3292 his
2069 3220 2407 3292 omnibus
2440 3245 2602 3319 quae
2633 3221 3016 3293 doctorum
3045 3222 3429 3293 hominum
3460 3221 3806 3294 industria
3838 3223 4300 3322 explanandae

1311 3343 1733 3414 Veleiatium
1758 3339 2043 3412 Tabulae
2079 3363 2293 3412 causa
2338 3353 2829 3435 congesserat,
2877 3343 3028 3436 jam
3062 3338 3465 3439 'apparebat
3516 3355 3698 3438 quot
3748 3343 4170 3438 quaestiones
4205 3344 4299 3417 ad

1314 3456 1462 3527 fisci
1490 3457 1842 3528 rationem
1868 3471 1939 3528 et
1966 3481 2119 3527 rem
2140 3513 2158 3548 ,
2188 3457 2246 3526 si
2274 3456 2496 3527 verbo
2525 3459 2631 3530 uti
2659 3457 2894 3549 liceat,
2923 3457 3518 3557 hypothecariam
3545 3461 3981 3558 pertinentes
4003 3465 4298 3560 quaestio

1314 3576 1432 3646 illa
1465 3576 2082 3674 complecteretur.
2139 3579 2298 3648 Jam
2343 3575 2677 3674 suspicati
2727 3593 2928 3650 erant
2972 3578 3308 3651 nonnulli
3349 3579 3753 3678 cujusmodi
3796 3598 3975 3653 esset
4016 3583 4300 3680 publica

1401 3817 1453 3872 1.
1488 3812 1779 3870 Iscrizioni
1818 3811 2047 3872 antiche
2080 3809 2358 3870 collocate
2400 3817 2493 3870 ne’
2523 3812 2676 3870 muri
2714 3811 2868 3872 della
2913 3812 3066 3872 scala
3101 3817 3351 3874 Farnese
3387 3833 3421 3874 e
3457 3815 3715 3895 spiegate
3756 3815 3830 3875 da
3877 3817 4068 3876 Pietro
4095 3821 4295 3891 Lama,

1316 3916 1562 3994 presetto
1592 3914 1681 3973 del
1712 3919 1934 3973 Museo.
1963 3918 2199 3974 Parma.

1393 4019 1453 4073 2.
1483 4017 1695 4077 Tavola
1734 4017 2097 4076 alimentaria
2124 4017 2381 4076 Veleiate
2418 4015 2576 4075 detta
2609 4016 2851 4076 Traiana
2875 4062 2891 4090 ,
2927 4017 3208 4078 restituita
3249 4019 3364 4079 alla
3395 4041 3500 4079 sua
3545 4019 3702 4080 vera‘
3726 4021 3949 4081 lezione
3989 4021 4062 4080 da
4107 4027 4298 4082 Pietro

1312 4125 1511 4192 Lama,
1540 4120 1788 4198 presetto
1816 4119 1909 4178 del
1935 4119 2101 4178 ducal
2123 4125 2359 4190 Museo,
2386 4137 2495 4176 con
2524 4118 2732 4176 alcune
2762 4121 3148 4180 osservazioni
3174 4121 3270 4180 dal
3297 4121 3631 4182 medesim0.
3664 4125 3903 4197 Parma,
3941 4127 4119 4183 1819.

1395 4225 1449 4278 3.
1488 4225 1519 4277 J
1526 4221 1642 4280 uris
1674 4220 1895 4278 romani
1930 4219 2141 4278 tabulae
2167 4219 2538 4299 negotiorum
2568 4219 2940 4294 solemnium,
2963 4222 3138 4281 modo
3164 4224 3223 4281 in
3253 4243 3390 4299 aere,
3421 4225 3596 4284 modo
3621 4225 3682 4283 in
3706 4244 4015 4300 marmore,
4046 4227 4218 4284 modo
4237 4227 4298 4286 in

1313 4323 1509 4380 charta
1542 4320 1899 4399 superstites,
1930 4335 2070 4394 etc.,
2102 4321 2197 4380 ed.
2230 4327 2509 4381 Ernestus
2536 4323 2977 4406 Spangenberg.
3009 4329 3241 4402 Lipsiae,
3272 4330 3450 4388 1822.

1396 4429 1452 4481 4.
1486 4423 1645 4482 Essai
1672 4443 1773 4481 sur
1796 4423 2067 4502 l’epoque
2096 4423 2169 4483 de
2203 4423 2483 4483 l’histoire
2511 4426 2770 4486 romaine
2806 4426 2862 4485 la
2899 4426 3031 4505 plus
3067 4427 3356 4488 heureuse
3391 4449 3543 4509 pour
3583 4431 3638 4490 le
3672 4452 3851 4511 genre
3876 4432 4115 4493 humain
4137 4481 4152 4509 ,
4192 4455 4298 4514 par

1318 4523 1676 4604 Hegewisch‚
1708 4523 1925 4582 traduit
1954 4523 2025 4583 de
2060 4524 2393 4584 l’allemand
2422 4546 2527 4604 par
2555 4527 2659 4586 Ch.
2692 4527 2912 4601 Solvet,
2943 4532 3123 4606 1834,
3152 4529 3309 4591 in-8.
3342 4535 3488 4591 Note
3519 4537 3578 4605 5,
3608 4534 3687 4591 fin
3709 4532 3788 4592 du
3813 4535 3934 4592 vol.
4175 4595 4182 4617 ⁸

1397 4634 1453 4687 5.
1487 4629 1651 4686 Prior
1674 4626 1854 4686 editio
1895 4627 2112 4707 prodiit
2146 4647 2301 4686 anno
2330 4631 2509 4688 1819.
2542 4628 2732 4689 Editio
2770 4632 3058 4710 posterior
3098 4633 3328 4692 titulum
3365 4634 3542 4693 habet
3582 4656 3598 4692 :
3641 4641 3722 4695 Le
3757 4639 3979 4695 Bovine
4019 4638 4074 4695 di
4104 4639 4300 4697 Veleia

1316 4731 1588 4790 misurate
1619 4753 1650 4788 e
1670 4731 1968 4812 designate
1995 4731 2070 4790 da
2099 4733 2173 4794 G.
2204 4733 2487 4808 Antolini‚
2510 4735 2839 4813 professore
2866 4735 3322 4798 d’architettura.
3349 4741 3598 4812 Milano,
3629 4743 3774 4798 1831
3794 4785 3806 4797 .
3839 4745 4058 4799 Rursus
4078 4756 4295 4813 autem,

1316 4845 1379 4889 ut
1406 4853 1581 4910 supra
1612 4831 1763 4904 dixi,
1791 4831 2114 4892 scrutandis
2142 4831 2472 4908 ruderibuS,
2500 4837 2665 4895 annis
2685 4840 2843 4896 1842
2873 4851 2930 4895 et
2956 4840 3137 4912 1843,
3168 4842 3243 4898 D.
3273 4839 3574 4917 Lopesius‚
3606 4841 3855 4920 praefuit.
3888 4842 4032 4901 Inde
4057 4845 4119 4901 fit
4148 4858 4211 4903 ut
4237 4847 4296 4904 in

1316 4934 1655 4994 adumbrata
1691 4935 1765 4994 ab
1784 4935 2080 4996 Antolinio
2111 4934 2501 5016 descriptione
2539 4939 2761 5017 aliquid
2802 4938 3186 5014 desideretur,
3230 4942 3506 5020 quoniam
3547 4961 3682 5002 eum
3718 4944 3906 5009 ultimi
3947 4944 4029 5003 illi
4073 4945 4299 5006 labores

1317 5037 1623 5095 latuerunt.
