<?xml version="1.0" encoding="UTF-8"?>
<!DOCTYPE html PUBLIC "-//W3C//DTD XHTML 1.0 Transitional//EN"
    "http://www.w3.org/TR/xhtml1/DTD/xhtml1-transitional.dtd">
<html xmlns="http://www.w3.org/1999/xhtml" xml:lang="en" lang="en">
 <head>
  <title>
</title>
<meta http-equiv="Content-Type" content="text/html;charset=utf-8" />
  <meta name='ocr-system' content='tesseract 3.04.00' />
  <meta name='ocr-capabilities' content='ocr_page ocr_carea ocr_par ocr_line ocrx_word'/>
</head>
<body>
  <div class='ocr_page' id='page_1' title='image "./detabulisalimen01desjgoog_0062.png"; bbox 0 0 5080 6254; ppageno 0'>
   <div class='ocr_carea' id='block_1_1' title="bbox 2618 669 3017 741">
    <p class='ocr_par' dir='ltr' id='par_1_1' title="bbox 2618 669 3017 741">
     <span class='ocr_line' id='line_1_1' title="bbox 2618 669 3017 741; baseline 0 -16"><span class='ocrx_word' id='word_1_1' title='bbox 2618 669 3017 741; x_wconf 73' lang='grc'>...46-</span> 
     </span>
    </p>
   </div>
   <div class='ocr_carea' id='block_1_2' title="bbox 1320 832 4307 1051">
    <p class='ocr_par' dir='ltr' id='par_1_2' title="bbox 1320 832 4307 1051">
     <span class='ocr_line' id='line_1_2' title="bbox 1320 832 4307 933; baseline 0.003 -30"><span class='ocrx_word' id='word_1_2' title='bbox 1320 856 1481 903; x_wconf 89' lang='lat' dir='ltr'><strong>rum</strong></span> <span class='ocrx_word' id='word_1_3' title='bbox 1514 832 1698 904; x_wconf 89' lang='lat' dir='ltr'><strong>inter</strong></span> <span class='ocrx_word' id='word_1_4' title='bbox 1718 856 1792 904; x_wconf 80' lang='lat' dir='ltr'><strong>se</strong></span> <span class='ocrx_word' id='word_1_5' title='bbox 1824 835 2223 923; x_wconf 84' lang='lat' dir='ltr'><strong>civitatum,</strong></span> <span class='ocrx_word' id='word_1_6' title='bbox 2246 836 2547 923; x_wconf 74' lang='lat' dir='ltr'>VELmAE,</span> <span class='ocrx_word' id='word_1_7' title='bbox 2580 836 2984 907; x_wconf 53' lang='lat' dir='ltr'><strong>Pascuntur:</strong></span> <span class='ocrx_word' id='word_1_8' title='bbox 3014 849 3086 907; x_wconf 89' lang='lat' dir='ltr'><strong>et</strong></span> <span class='ocrx_word' id='word_1_9' title='bbox 3111 840 3376 907; x_wconf 57' lang='lat' dir='ltr'><strong>Panum</strong></span> <span class='ocrx_word' id='word_1_10' title='bbox 3403 836 3826 933; x_wconf 79' lang='lat' dir='ltr'><strong>possedisse.</strong></span> <span class='ocrx_word' id='word_1_11' title='bbox 3869 842 4032 908; x_wconf 77' lang='lat' dir='ltr'><strong>Haec</strong></span> <span class='ocrx_word' id='word_1_12' title='bbox 4065 856 4307 913; x_wconf 84' lang='lat' dir='ltr'><strong>autem</strong></span> 
     </span>
     <span class='ocr_line' id='line_1_3' title="bbox 1320 953 2648 1051; baseline 0.002 -28"><span class='ocrx_word' id='word_1_13' title='bbox 1320 966 1424 1023; x_wconf 85' lang='lat' dir='ltr'><strong>est</strong></span> <span class='ocrx_word' id='word_1_14' title='bbox 1455 976 1804 1049; x_wconf 76' lang='lat' dir='ltr'>pagorum</span> <span class='ocrx_word' id='word_1_15' title='bbox 1833 954 2321 1051; x_wconf 83' lang='lat' dir='ltr'><strong>inscriptionis</strong></span> <span class='ocrx_word' id='word_1_16' title='bbox 2352 953 2598 1025; x_wconf 84' lang='lat' dir='ltr'><strong>tabula</strong></span> <span class='ocrx_word' id='word_1_17' title='bbox 2631 980 2648 1024; x_wconf 76' lang='grc' dir='ltr'><strong><em>ε</em></strong></span> 
     </span>
    </p>
   </div>
   <div class='ocr_carea' id='block_1_3' title="bbox 1318 1099 4195 2352">
    <p class='ocr_par' dir='ltr' id='par_1_3' title="bbox 1318 1099 4195 1975">
     <span class='ocr_line' id='line_1_4' title="bbox 1460 1099 4195 1184; baseline 0.003 -11"><span class='ocrx_word' id='word_1_18' title='bbox 1460 1119 1683 1178; x_wconf 77' lang='lat' dir='ltr'><strong>Veleia.</strong></span> <span class='ocrx_word' id='word_1_19' title='bbox 1924 1099 2243 1183; x_wconf 59' lang='lat' dir='ltr'><strong>Placetieia.</strong></span> <span class='ocrx_word' id='word_1_20' title='bbox 2472 1122 2711 1181; x_wconf 79' lang='lat' dir='ltr'><strong>Parma.</strong></span> <span class='ocrx_word' id='word_1_21' title='bbox 2958 1102 3234 1181; x_wconf 68' lang='lat' dir='ltr'><strong>Libat-ria.</strong></span> <span class='ocrx_word' id='word_1_22' title='bbox 3500 1127 3678 1180; x_wconf 84' lang='lat' dir='ltr'><strong>Luca.</strong></span> <span class='ocrx_word' id='word_1_23' title='bbox 3939 1128 4195 1184; x_wconf 79' lang='lat' dir='ltr'><strong>Antium.</strong></span> 
     </span>
     <span class='ocr_line' id='line_1_5' title="bbox 1319 1276 4080 1359; baseline 0.001 -24"><span class='ocrx_word' id='word_1_24' title='bbox 1319 1276 1587 1337; x_wconf 70' lang='lat' dir='ltr'><strong>Alliensis</strong></span> <span class='ocrx_word' id='word_1_25' title='bbox 1832 1279 2184 1358; x_wconf 75' lang='lat' dir='ltr'><strong>Apollinaris</strong></span> <span class='ocrx_word' id='word_1_26' title='bbox 2339 1279 2699 1340; x_wconf 75' lang='lat' dir='ltr'><strong>Mercurialis</strong></span> <span class='ocrx_word' id='word_1_27' title='bbox 2846 1279 3106 1339; x_wconf 88' lang='lat' dir='ltr'><strong>Eboreus</strong></span> <span class='ocrx_word' id='word_1_28' title='bbox 3130 1282 3148 1315; x_wconf 85' lang='lat'><strong>¹</strong></span> <span class='ocrx_word' id='word_1_29' title='bbox 3353 1280 3635 1359; x_wconf 89' lang='lat' dir='ltr'><strong>quosdam</strong></span> <span class='ocrx_word' id='word_1_30' title='bbox 3837 1281 4080 1339; x_wconf 83' lang='lat' dir='ltr'><strong>fundum</strong></span> 
     </span>
     <span class='ocr_line' id='line_1_6' title="bbox 1319 1378 4170 1461; baseline 0.002 -25"><span class='ocrx_word' id='word_1_31' title='bbox 1319 1378 1711 1439; x_wconf 82' lang='lat' dir='ltr'>Ambitrebius</span> <span class='ocrx_word' id='word_1_32' title='bbox 1830 1379 2237 1460; x_wconf 83' lang='lat' dir='ltr'><strong>Briagontinus</strong></span> <span class='ocrx_word' id='word_1_33' title='bbox 2343 1380 2618 1438; x_wconf 82' lang='lat' dir='ltr'><strong>Salutaris</strong></span> <span class='ocrx_word' id='word_1_34' title='bbox 2643 1378 2665 1415; x_wconf 78' lang='lat'>⁶</span> <span class='ocrx_word' id='word_1_35' title='bbox 2849 1380 3092 1440; x_wconf 87' lang='lat' dir='ltr'><strong>Martius</strong></span> <span class='ocrx_word' id='word_1_36' title='bbox 3115 1382 3136 1415; x_wconf 77' lang='lat'>²</span> <span class='ocrx_word' id='word_1_37' title='bbox 3356 1381 3566 1441; x_wconf 81' lang='lat' dir='ltr'><strong>fundos</strong></span> <span class='ocrx_word' id='word_1_38' title='bbox 3591 1381 3776 1461; x_wconf 89' lang='lat' dir='ltr'><strong>possi·</strong></span> <span class='ocrx_word' id='word_1_39' title='bbox 3836 1381 4170 1461; x_wconf 83' lang='lat' dir='ltr'><strong>possidebat</strong></span> 
     </span>
     <span class='ocr_line' id='line_1_7' title="bbox 1318 1483 4152 1562; baseline 0.001 -21"><span class='ocrx_word' id='word_1_40' title='bbox 1318 1484 1647 1562; x_wconf 82' lang='lat' dir='ltr'><strong>Bagiennus</strong></span> <span class='ocrx_word' id='word_1_41' title='bbox 1831 1485 2107 1557; x_wconf 69' lang='lat' dir='ltr'><strong>Cerealis⁸</strong></span> <span class='ocrx_word' id='word_1_42' title='bbox 2342 1483 2593 1543; x_wconf 87' lang='lat' dir='ltr'><strong>Salvius.</strong></span> <span class='ocrx_word' id='word_1_43' title='bbox 2618 1485 2640 1520; x_wconf 80' lang='lat'>⁸</span> <span class='ocrx_word' id='word_1_44' title='bbox 2849 1485 3192 1545; x_wconf 82' lang='lat' dir='ltr'><strong>Moninates.</strong></span> <span class='ocrx_word' id='word_1_45' title='bbox 3218 1490 3239 1521; x_wconf 74' lang='lat'>⁴</span> <span class='ocrx_word' id='word_1_46' title='bbox 3357 1486 3532 1545; x_wconf 87' lang='lat' dir='ltr'><strong>debat</strong></span> <span class='ocrx_word' id='word_1_47' title='bbox 3561 1487 3623 1544; x_wconf 90' lang='lat' dir='ltr'><strong>in</strong></span> <span class='ocrx_word' id='word_1_48' title='bbox 3836 1484 3895 1544; x_wconf 92' lang='lat' dir='ltr'><strong>in</strong></span> <span class='ocrx_word' id='word_1_49' title='bbox 3923 1485 4152 1546; x_wconf 86' lang='lat' dir='ltr'><strong>Floreio</strong></span> 
     </span>
     <span class='ocr_line' id='line_1_8' title="bbox 1318 1580 4160 1667; baseline 0.002 -25"><span class='ocrx_word' id='word_1_50' title='bbox 1318 1582 1565 1644; x_wconf 74' lang='lat' dir='ltr'><strong>Dianitis</strong></span> <span class='ocrx_word' id='word_1_51' title='bbox 1832 1586 2235 1646; x_wconf 74' lang='lat' dir='ltr'><strong>Farraticanus</strong></span> <span class='ocrx_word' id='word_1_52' title='bbox 3354 1586 3619 1660; x_wconf 78' lang='lat' dir='ltr'><strong>Albensi,</strong></span> <span class='ocrx_word' id='word_1_53' title='bbox 3775 1580 3782 1587; x_wconf 60' lang='lat'><em>⁰</em></span> <span class='ocrx_word' id='word_1_54' title='bbox 3833 1580 3992 1667; x_wconf 77' lang='lat' dir='ltr'><strong>‘pago</strong></span> <span class='ocrx_word' id='word_1_55' title='bbox 4015 1590 4160 1661; x_wconf 82' lang='lat' dir='ltr'><strong>(vid.</strong></span> 
     </span>
     <span class='ocr_line' id='line_1_9' title="bbox 1320 1688 4140 1765; baseline 0.002 -18"><span class='ocrx_word' id='word_1_56' title='bbox 1320 1689 1612 1748; x_wconf 83' lang='lat' dir='ltr'><strong>Domitius</strong></span> <span class='ocrx_word' id='word_1_57' title='bbox 1834 1688 2219 1748; x_wconf 84' lang='lat' dir='ltr'><strong>Herculanius</strong></span> <span class='ocrx_word' id='word_1_58' title='bbox 3355 1690 3645 1750; x_wconf 73' lang='lat' dir='ltr'><strong>Minervio</strong></span> <span class='ocrx_word' id='word_1_59' title='bbox 3839 1691 4140 1765; x_wconf 85' lang='lat' dir='ltr'><strong>Veleiam).</strong></span> 
     </span>
     <span class='ocr_line' id='line_1_10' title="bbox 1320 1786 3706 1853; baseline 0.002 -6"><span class='ocrx_word' id='word_1_60' title='bbox 1320 1786 1586 1848; x_wconf 86' lang='lat' dir='ltr'><strong>Eboreus</strong></span> <span class='ocrx_word' id='word_1_61' title='bbox 1613 1790 1631 1824; x_wconf 88' lang='lat'>¹</span> <span class='ocrx_word' id='word_1_62' title='bbox 1830 1788 2021 1849; x_wconf 79' lang='lat' dir='ltr'><strong>Julius</strong></span> <span class='ocrx_word' id='word_1_63' title='bbox 3355 1805 3414 1852; x_wconf 85' lang='lat' dir='ltr'><strong>et</strong></span> <span class='ocrx_word' id='word_1_64' title='bbox 3443 1790 3706 1853; x_wconf 66' lang='lat' dir='ltr'><strong>Statiano</strong></span> 
     </span>
     <span class='ocr_line' id='line_1_11' title="bbox 1325 1889 3692 1975; baseline 0 -26"><span class='ocrx_word' id='word_1_65' title='bbox 1325 1890 1589 1949; x_wconf 83' lang='lat' dir='ltr'><strong>Floreius</strong></span> <span class='ocrx_word' id='word_1_66' title='bbox 1838 1889 2157 1949; x_wconf 74' lang='lat' dir='ltr'><strong>Minci-vius</strong></span> <span class='ocrx_word' id='word_1_67' title='bbox 2182 1890 2205 1925; x_wconf 74' lang='lat'><strong>⁹</strong></span> <span class='ocrx_word' id='word_1_68' title='bbox 3355 1894 3520 1973; x_wconf 81' lang='lat' dir='ltr'><strong>pagis</strong></span> <span class='ocrx_word' id='word_1_69' title='bbox 3546 1892 3692 1975; x_wconf 80' lang='lat' dir='ltr'><strong>(vid.</strong></span> 
     </span>
    </p>

    <p class='ocr_par' dir='ltr' id='par_1_4' title="bbox 1322 1990 3654 2251">
     <span class='ocr_line' id='line_1_12' title="bbox 1324 1990 3654 2068; baseline 0.001 -20"><span class='ocrx_word' id='word_1_70' title='bbox 1324 1991 1612 2050; x_wconf 76' lang='lat' dir='ltr'><strong>Iunonius</strong></span> <span class='ocrx_word' id='word_1_71' title='bbox 1837 1990 2220 2049; x_wconf 87' lang='lat' dir='ltr'><strong>Noviodunus</strong></span> <span class='ocrx_word' id='word_1_72' title='bbox 3047 1996 3054 2003; x_wconf 80' lang='grc'><em>“</em></span> <span class='ocrx_word' id='word_1_73' title='bbox 3355 1994 3654 2068; x_wconf 84' lang='lat' dir='ltr'><strong>Veleiarn).</strong></span> 
     </span>
     <span class='ocr_line' id='line_1_13' title="bbox 1325 2070 3606 2151; baseline -0.001 -2"><span class='ocrx_word' id='word_1_74' title='bbox 1325 2086 1567 2151; x_wconf 86' lang='lat' dir='ltr'><strong>Lurates</strong></span> <span class='ocrx_word' id='word_1_75' title='bbox 1729 2076 1739 2087; x_wconf 58' lang='grc'><strong><em>’</em></strong></span> <span class='ocrx_word' id='word_1_76' title='bbox 1840 2090 2117 2151; x_wconf 86' lang='lat' dir='ltr'><strong>Salutaris</strong></span> <span class='ocrx_word' id='word_1_77' title='bbox 2140 2090 2163 2125; x_wconf 79' lang='lat'>⁸</span> <span class='ocrx_word' id='word_1_78' title='bbox 3597 2070 3606 2086; x_wconf 51' lang='lat'>⁸</span> 
     </span>
     <span class='ocr_line' id='line_1_14' title="bbox 1322 2191 2130 2251; baseline 0 -2"><span class='ocrx_word' id='word_1_79' title='bbox 1322 2192 1565 2249; x_wconf 83' lang='lat' dir='ltr'><strong>Martius</strong></span> <span class='ocrx_word' id='word_1_80' title='bbox 1589 2192 1609 2224; x_wconf 81' lang='lat'><strong>¹</strong></span> <span class='ocrx_word' id='word_1_81' title='bbox 1836 2191 2130 2251; x_wconf 89' lang='lat' dir='ltr'><strong>Sinnensis</strong></span> 
     </span>
    </p>

    <p class='ocr_par' dir='ltr' id='par_1_5' title="bbox 1324 2288 2175 2352">
     <span class='ocr_line' id='line_1_15' title="bbox 1324 2288 2175 2352; baseline 0 -1"><span class='ocrx_word' id='word_1_82' title='bbox 1324 2292 1619 2352; x_wconf 75' lang='lat' dir='ltr'><strong>Medutius</strong></span> <span class='ocrx_word' id='word_1_83' title='bbox 1836 2288 2175 2352; x_wconf 77' lang='lat' dir='ltr'><strong>Valentinus</strong></span> 
     </span>
    </p>
   </div>
   <div class='ocr_carea' id='block_1_4' title="bbox 1324 2394 2223 3282">
    <p class='ocr_par' dir='ltr' id='par_1_6' title="bbox 1324 2394 2223 2864">
     <span class='ocr_line' id='line_1_16' title="bbox 1324 2394 2141 2456; baseline -0.001 -1"><span class='ocrx_word' id='word_1_84' title='bbox 1324 2396 1649 2455; x_wconf 70' lang='lat' dir='ltr'><strong>Minervius</strong></span> <span class='ocrx_word' id='word_1_85' title='bbox 1662 2394 1685 2431; x_wconf 83' lang='lat'>⁸</span> <span class='ocrx_word' id='word_1_86' title='bbox 1834 2395 2101 2456; x_wconf 63' lang='lat' dir='ltr'><strong>Valerius</strong></span> <span class='ocrx_word' id='word_1_87' title='bbox 2118 2396 2141 2430; x_wconf 82' lang='lat'>⁷</span> 
     </span>
     <span class='ocr_line' id='line_1_17' title="bbox 1330 2496 2169 2560; baseline 0.004 -5"><span class='ocrx_word' id='word_1_88' title='bbox 1330 2496 1655 2558; x_wconf 75' lang='lat' dir='ltr'><strong>Moninates</strong></span> <span class='ocrx_word' id='word_1_89' title='bbox 1681 2497 1704 2533; x_wconf 74' lang='lat'>⁶</span> <span class='ocrx_word' id='word_1_90' title='bbox 1843 2498 2127 2560; x_wconf 81' lang='lat' dir='ltr'><strong>Venerius</strong></span> <span class='ocrx_word' id='word_1_91' title='bbox 2147 2497 2169 2533; x_wconf 86' lang='lat'>⁸</span> 
     </span>
     <span class='ocr_line' id='line_1_18' title="bbox 1331 2598 2223 2661; baseline 0.002 -2"><span class='ocrx_word' id='word_1_92' title='bbox 1331 2598 1561 2659; x_wconf 78' lang='lat' dir='ltr'><strong>salvius</strong></span> <span class='ocrx_word' id='word_1_93' title='bbox 1584 2601 1606 2636; x_wconf 80' lang='lat'>⁸</span> <span class='ocrx_word' id='word_1_94' title='bbox 1841 2600 2223 2661; x_wconf 76' lang='lat' dir='ltr'><strong>vercellensis</strong></span> 
     </span>
     <span class='ocr_line' id='line_1_19' title="bbox 1332 2699 2211 2763; baseline 0.001 -4"><span class='ocrx_word' id='word_1_95' title='bbox 1332 2701 1611 2761; x_wconf 87' lang='lat' dir='ltr'><strong>Salutaris</strong></span> <span class='ocrx_word' id='word_1_96' title='bbox 1625 2699 1647 2736; x_wconf 79' lang='lat'>⁶</span> <span class='ocrx_word' id='word_1_97' title='bbox 1844 2702 2211 2763; x_wconf 85' lang='lat' dir='ltr'><strong>Veronensis.</strong></span> 
     </span>
     <span class='ocr_line' id='line_1_20' title="bbox 1333 2802 1626 2864; baseline -0.003 0"><span class='ocrx_word' id='word_1_98' title='bbox 1333 2802 1626 2864; x_wconf 69' lang='lat' dir='ltr'><strong>&#39;Statiellus</strong></span> 
     </span>
    </p>

    <p class='ocr_par' dir='ltr' id='par_1_7' title="bbox 1334 2906 1541 2968">
     <span class='ocr_line' id='line_1_21' title="bbox 1334 2906 1541 2968; baseline -0.019 0"><span class='ocrx_word' id='word_1_99' title='bbox 1334 2906 1541 2968; x_wconf 86' lang='lat' dir='ltr'><strong>Sulcus</strong></span> 
     </span>
    </p>

    <p class='ocr_par' dir='ltr' id='par_1_8' title="bbox 1330 3006 1634 3064">
     <span class='ocr_line' id='line_1_22' title="bbox 1330 3006 1634 3064; baseline 0.003 -1"><span class='ocrx_word' id='word_1_100' title='bbox 1330 3006 1597 3064; x_wconf 71' lang='lat' dir='ltr'><strong>Valerius</strong></span> <span class='ocrx_word' id='word_1_101' title='bbox 1612 3006 1634 3041; x_wconf 86' lang='lat'><strong>‘¹</strong></span> 
     </span>
    </p>

    <p class='ocr_par' dir='ltr' id='par_1_9' title="bbox 1336 3104 1703 3168">
     <span class='ocr_line' id='line_1_23' title="bbox 1336 3104 1703 3168; baseline 0.005 -1"><span class='ocrx_word' id='word_1_102' title='bbox 1336 3104 1589 3168; x_wconf 81' lang='lat' dir='ltr'><strong>Velleius</strong></span> <span class='ocrx_word' id='word_1_103' title='bbox 1698 3148 1703 3156; x_wconf 91' lang='lat'><em>-</em></span> 
     </span>
    </p>

    <p class='ocr_par' dir='ltr' id='par_1_10' title="bbox 1338 3210 1679 3282">
     <span class='ocr_line' id='line_1_24' title="bbox 1338 3210 1679 3282; baseline -0.003 -11"><span class='ocrx_word' id='word_1_104' title='bbox 1338 3211 1617 3282; x_wconf 79' lang='lat' dir='ltr'><strong>Venerius</strong></span> <span class='ocrx_word' id='word_1_105' title='bbox 1637 3210 1679 3270; x_wconf 84' lang='lat'><strong>⁸.</strong></span> 
     </span>
    </p>
   </div>
   <div class='ocr_carea' id='block_1_5' title="bbox 1338 3359 4320 4074">
    <p class='ocr_par' dir='ltr' id='par_1_11' title="bbox 1340 3359 4316 3717">
     <span class='ocr_line' id='line_1_25' title="bbox 1436 3359 4316 3477; baseline 0.002 -31"><span class='ocrx_word' id='word_1_106' title='bbox 1436 3381 1518 3446; x_wconf 89' lang='lat' dir='ltr'><strong>In</strong></span> <span class='ocrx_word' id='word_1_107' title='bbox 1550 3377 1806 3449; x_wconf 88' lang='lat' dir='ltr'><strong>eodem</strong></span> <span class='ocrx_word' id='word_1_108' title='bbox 1840 3359 2030 3477; x_wconf 78' lang='lat' dir='ltr'><strong>pago</strong></span> <span class='ocrx_word' id='word_1_109' title='bbox 2058 3378 2437 3476; x_wconf 69' lang='lat' dir='ltr'><strong>saepissime</strong></span> <span class='ocrx_word' id='word_1_110' title='bbox 2461 3377 2765 3449; x_wconf 88' lang='lat' dir='ltr'><strong>duarum</strong></span> <span class='ocrx_word' id='word_1_111' title='bbox 2791 3378 2905 3449; x_wconf 82' lang='lat' dir='ltr'><strong>vel</strong></span> <span class='ocrx_word' id='word_1_112' title='bbox 2934 3378 3146 3450; x_wconf 85' lang='lat' dir='ltr'><strong>etiam</strong></span> <span class='ocrx_word' id='word_1_113' title='bbox 3181 3379 3396 3448; x_wconf 82' lang='lat' dir='ltr'><strong>triu&#39;m</strong></span> <span class='ocrx_word' id='word_1_114' title='bbox 3422 3379 3788 3450; x_wconf 87' lang='lat' dir='ltr'><strong>civitatum</strong></span> <span class='ocrx_word' id='word_1_115' title='bbox 3819 3379 4080 3451; x_wconf 80' lang='lat' dir='ltr'><strong>fundos</strong></span> <span class='ocrx_word' id='word_1_116' title='bbox 4108 3381 4316 3451; x_wconf 77' lang='lat' dir='ltr'><strong>fuisse</strong></span> 
     </span>
     <span class='ocr_line' id='line_1_26' title="bbox 1340 3489 4313 3593; baseline 0.002 -27"><span class='ocrx_word' id='word_1_117' title='bbox 1340 3498 1511 3567; x_wconf 81' lang='lat' dir='ltr'><strong>sitos</strong></span> <span class='ocrx_word' id='word_1_118' title='bbox 1545 3522 1633 3567; x_wconf 84' lang='lat' dir='ltr'><strong>ex</strong></span> <span class='ocrx_word' id='word_1_119' title='bbox 1665 3497 1795 3568; x_wconf 85' lang='lat' dir='ltr'><strong>ista</strong></span> <span class='ocrx_word' id='word_1_120' title='bbox 1831 3497 2071 3570; x_wconf 86' lang='lat' dir='ltr'><strong>tabula</strong></span> <span class='ocrx_word' id='word_1_121' title='bbox 2104 3511 2406 3568; x_wconf 88' lang='lat' dir='ltr'><strong>constat.</strong></span> <span class='ocrx_word' id='word_1_122' title='bbox 2441 3498 2728 3568; x_wconf 71' lang='lat' dir='ltr'><strong>‘Etenim</strong></span> <span class='ocrx_word' id='word_1_123' title='bbox 2773 3497 3033 3569; x_wconf 76' lang='lat' dir='ltr'><strong>fundos</strong></span> <span class='ocrx_word' id='word_1_124' title='bbox 3065 3489 3378 3570; x_wconf 61' lang='lat' dir='ltr'><strong>LniAnNA</strong></span> <span class='ocrx_word' id='word_1_125' title='bbox 3407 3498 3653 3569; x_wconf 83' lang='lat' dir='ltr'><strong>civitas</strong></span> <span class='ocrx_word' id='word_1_126' title='bbox 3685 3499 3774 3568; x_wconf 82' lang='lat' dir='ltr'><strong>&#39;in</strong></span> <span class='ocrx_word' id='word_1_127' title='bbox 3820 3503 4105 3593; x_wconf 65' lang='lat' dir='ltr'><strong>Amnum</strong></span> <span class='ocrx_word' id='word_1_128' title='bbox 4138 3514 4207 3571; x_wconf 88' lang='lat' dir='ltr'><strong>et</strong></span> <span class='ocrx_word' id='word_1_129' title='bbox 4243 3501 4313 3571; x_wconf 93' lang='lat' dir='ltr'><strong>in</strong></span> 
     </span>
     <span class='ocr_line' id='line_1_27' title="bbox 1340 3617 3712 3717; baseline 0 -29"><span class='ocrx_word' id='word_1_130' title='bbox 1340 3619 1625 3688; x_wconf 60' lang='lat' dir='ltr'><strong>Murrio</strong></span> <span class='ocrx_word' id='word_1_131' title='bbox 1660 3643 1796 3689; x_wconf 90' lang='lat' dir='ltr'><strong>nec</strong></span> <span class='ocrx_word' id='word_1_132' title='bbox 1818 3643 1969 3688; x_wconf 91' lang='lat' dir='ltr'><strong>non</strong></span> <span class='ocrx_word' id='word_1_133' title='bbox 2004 3633 2075 3689; x_wconf 88' lang='lat' dir='ltr'><strong>et</strong></span> <span class='ocrx_word' id='word_1_134' title='bbox 2109 3619 2182 3689; x_wconf 91' lang='lat' dir='ltr'><strong>in</strong></span> <span class='ocrx_word' id='word_1_135' title='bbox 2214 3621 2516 3706; x_wconf 72' lang='lat' dir='ltr'><strong>Enomm,</strong></span> <span class='ocrx_word' id='word_1_136' title='bbox 2557 3618 2754 3716; x_wconf 81' lang='lat' dir='ltr'><strong>pagis</strong></span> <span class='ocrx_word' id='word_1_137' title='bbox 2785 3619 3236 3705; x_wconf 85' lang='lat' dir='ltr'><strong>Veleiatium,</strong></span> <span class='ocrx_word' id='word_1_138' title='bbox 3275 3617 3712 3717; x_wconf 87' lang='lat' dir='ltr'><strong>possidebat.</strong></span> 
     </span>
    </p>

    <p class='ocr_par' dir='ltr' id='par_1_12' title="bbox 1338 3735 4320 4074">
     <span class='ocr_line' id='line_1_28' title="bbox 1441 3735 4318 3836; baseline 0.002 -31"><span class='ocrx_word' id='word_1_139' title='bbox 1441 3739 1491 3828; x_wconf 65' lang='grc' dir='ltr'><strong>ἓ</strong></span> <span class='ocrx_word' id='word_1_140' title='bbox 1532 3741 1649 3808; x_wconf 89' lang='grc' dir='ltr'><strong>ΙΧ.</strong></span> <span class='ocrx_word' id='word_1_141' title='bbox 1694 3738 2121 3834; x_wconf 89' lang='lat' dir='ltr'><strong>Perantiqua</strong></span> <span class='ocrx_word' id='word_1_142' title='bbox 2174 3752 2281 3808; x_wconf 89' lang='lat' dir='ltr'><strong>est</strong></span> <span class='ocrx_word' id='word_1_143' title='bbox 2329 3738 2462 3808; x_wconf 84' lang='lat' dir='ltr'><strong>ista</strong></span> <span class='ocrx_word' id='word_1_144' title='bbox 2500 3737 2870 3809; x_wconf 84' lang='lat' dir='ltr'><strong>civitatum</strong></span> <span class='ocrx_word' id='word_1_145' title='bbox 2915 3739 2986 3808; x_wconf 90' lang='lat' dir='ltr'><strong>in</strong></span> <span class='ocrx_word' id='word_1_146' title='bbox 3043 3763 3262 3835; x_wconf 84' lang='lat' dir='ltr'><strong>pagos</strong></span> <span class='ocrx_word' id='word_1_147' title='bbox 3304 3735 3687 3836; x_wconf 88' lang='lat' dir='ltr'><strong>descriptio</strong></span> <span class='ocrx_word' id='word_1_148' title='bbox 3734 3766 3749 3809; x_wconf 75' lang='grc' dir='ltr'><strong><em>ε</em></strong></span> <span class='ocrx_word' id='word_1_149' title='bbox 3789 3763 3947 3810; x_wconf 89' lang='lat' dir='ltr'><strong>eam</strong></span> <span class='ocrx_word' id='word_1_150' title='bbox 3982 3764 4025 3811; x_wconf 90' lang='lat' dir='ltr'><strong>a</strong></span> <span class='ocrx_word' id='word_1_151' title='bbox 4073 3741 4318 3812; x_wconf 88' lang='lat' dir='ltr'><strong>Servio</strong></span> 
     </span>
     <span class='ocr_line' id='line_1_29' title="bbox 1338 3831 4320 3958; baseline 0.002 -33"><span class='ocrx_word' id='word_1_152' title='bbox 1338 3854 1568 3927; x_wconf 91' lang='lat' dir='ltr'><strong>Tullio</strong></span> <span class='ocrx_word' id='word_1_153' title='bbox 1614 3857 2005 3931; x_wconf 80' lang='lat' dir='ltr'><strong>institutam</strong></span> <span class='ocrx_word' id='word_1_154' title='bbox 2043 3831 2501 3929; x_wconf 81' lang='lat' dir='ltr'><strong>suisse&#39;tradit</strong></span> <span class='ocrx_word' id='word_1_155' title='bbox 2539 3856 2922 3954; x_wconf 86' lang='lat' dir='ltr'><strong>Dionysius</strong></span> <span class='ocrx_word' id='word_1_156' title='bbox 2959 3839 3628 3948; x_wconf 75' lang='lat' dir='ltr'><strong>Halicarnassensis5&#39;</strong></span> <span class='ocrx_word' id='word_1_157' title='bbox 3667 3871 3738 3929; x_wconf 89' lang='lat' dir='ltr'><strong>at</strong></span> <span class='ocrx_word' id='word_1_158' title='bbox 3776 3860 4071 3958; x_wconf 88' lang='lat' dir='ltr'><strong>propius</strong></span> <span class='ocrx_word' id='word_1_159' title='bbox 4102 3857 4320 3932; x_wconf 85' lang='lat' dir='ltr'><strong>fidem</strong></span> 
     </span>
     <span class='ocr_line' id='line_1_30' title="bbox 1342 3957 4050 4074; baseline 0.002 -31"><span class='ocrx_word' id='word_1_160' title='bbox 1342 3987 1450 4044; x_wconf 85' lang='lat' dir='ltr'><strong>est</strong></span> <span class='ocrx_word' id='word_1_161' title='bbox 1480 3999 1640 4045; x_wconf 87' lang='lat' dir='ltr'><strong>eam</strong></span> <span class='ocrx_word' id='word_1_162' title='bbox 1670 3975 1823 4072; x_wconf 87' lang='lat' dir='ltr'><strong>ipsa</strong></span> <span class='ocrx_word' id='word_1_163' title='bbox 1858 3979 2082 4049; x_wconf 85' lang='lat' dir='ltr'><strong>Roma</strong></span> <span class='ocrx_word' id='word_1_164' title='bbox 2103 3957 2856 4074; x_wconf 52' lang='lat' dir='ltr'><strong>antiquiorem&#39;fuisse‘.</strong></span> <span class='ocrx_word' id='word_1_165' title='bbox 4043 3993 4050 4000; x_wconf 86' lang='grc'><em>·</em></span> 
     </span>
    </p>
   </div>
   <div class='ocr_carea' id='block_1_6' title="bbox 1426 4221 3788 4918">
    <p class='ocr_par' dir='ltr' id='par_1_13' title="bbox 1426 4221 3320 4305">
     <span class='ocr_line' id='line_1_31' title="bbox 1426 4221 3320 4305; baseline 0.002 -23"><span class='ocrx_word' id='word_1_166' title='bbox 1426 4229 1485 4284; x_wconf 74' lang='lat'><strong>1.</strong></span> <span class='ocrx_word' id='word_1_167' title='bbox 1517 4229 1585 4283; x_wconf 90' lang='lat' dir='ltr'><strong>In</strong></span> <span class='ocrx_word' id='word_1_168' title='bbox 1612 4225 1725 4283; x_wconf 88' lang='lat' dir='ltr'><strong>hoc</strong></span> <span class='ocrx_word' id='word_1_169' title='bbox 1750 4243 1901 4305; x_wconf 81' lang='lat' dir='ltr'><strong>pago</strong></span> <span class='ocrx_word' id='word_1_170' title='bbox 1925 4224 2179 4286; x_wconf 83' lang='lat' dir='ltr'><strong>Libarna</strong></span> <span class='ocrx_word' id='word_1_171' title='bbox 2199 4224 2401 4283; x_wconf 84' lang='lat' dir='ltr'><strong>civitas</strong></span> <span class='ocrx_word' id='word_1_172' title='bbox 2426 4222 2705 4300; x_wconf 83' lang='lat' dir='ltr'><strong>quosdam</strong></span> <span class='ocrx_word' id='word_1_173' title='bbox 2735 4221 2942 4281; x_wconf 82' lang='lat' dir='ltr'><strong>fundos</strong></span> <span class='ocrx_word' id='word_1_174' title='bbox 2968 4221 3320 4302; x_wconf 80' lang='lat' dir='ltr'><strong>possidebat.</strong></span> 
     </span>
    </p>

    <p class='ocr_par' dir='ltr' id='par_1_14' title="bbox 1428 4323 3349 4406">
     <span class='ocr_line' id='line_1_32' title="bbox 1428 4323 3349 4406; baseline 0.001 -22"><span class='ocrx_word' id='word_1_175' title='bbox 1428 4329 1487 4384; x_wconf 77' lang='lat'><strong>2.</strong></span> <span class='ocrx_word' id='word_1_176' title='bbox 1524 4330 1593 4384; x_wconf 87' lang='lat' dir='ltr'><strong>In</strong></span> <span class='ocrx_word' id='word_1_177' title='bbox 1626 4327 1739 4384; x_wconf 87' lang='lat' dir='ltr'><strong>hoc</strong></span> <span class='ocrx_word' id='word_1_178' title='bbox 1766 4347 1917 4406; x_wconf 82' lang='lat' dir='ltr'><strong>pago</strong></span> <span class='ocrx_word' id='word_1_179' title='bbox 1936 4325 2188 4386; x_wconf 85' lang='lat' dir='ltr'><strong>Libarna</strong></span> <span class='ocrx_word' id='word_1_180' title='bbox 2220 4325 2421 4384; x_wconf 85' lang='lat' dir='ltr'><strong>civitas</strong></span> <span class='ocrx_word' id='word_1_181' title='bbox 2448 4325 2728 4402; x_wconf 84' lang='lat' dir='ltr'><strong>quosdam</strong></span> <span class='ocrx_word' id='word_1_182' title='bbox 2755 4324 2966 4383; x_wconf 80' lang='lat' dir='ltr'><strong>fundos</strong></span> <span class='ocrx_word' id='word_1_183' title='bbox 2997 4323 3349 4403; x_wconf 78' lang='lat' dir='ltr'><strong>possidebat.</strong></span> 
     </span>
    </p>

    <p class='ocr_par' dir='ltr' id='par_1_15' title="bbox 1436 4427 3292 4509">
     <span class='ocr_line' id='line_1_33' title="bbox 1436 4427 3292 4509; baseline 0.001 -23"><span class='ocrx_word' id='word_1_184' title='bbox 1436 4431 1493 4488; x_wconf 84' lang='lat'><strong>3.</strong></span> <span class='ocrx_word' id='word_1_185' title='bbox 1525 4432 1594 4486; x_wconf 90' lang='lat' dir='ltr'><strong>In</strong></span> <span class='ocrx_word' id='word_1_186' title='bbox 1622 4429 1737 4486; x_wconf 89' lang='lat' dir='ltr'><strong>hoc</strong></span> <span class='ocrx_word' id='word_1_187' title='bbox 1762 4449 1915 4509; x_wconf 83' lang='lat' dir='ltr'><strong>pago</strong></span> <span class='ocrx_word' id='word_1_188' title='bbox 1940 4429 2235 4488; x_wconf 84' lang='lat' dir='ltr'><strong>civitatum</strong></span> <span class='ocrx_word' id='word_1_189' title='bbox 2263 4428 2572 4489; x_wconf 81' lang='lat' dir='ltr'><strong>Placentiae</strong></span> <span class='ocrx_word' id='word_1_190' title='bbox 2598 4439 2654 4486; x_wconf 91' lang='lat' dir='ltr'><strong>et</strong></span> <span class='ocrx_word' id='word_1_191' title='bbox 2678 4428 2886 4487; x_wconf 77' lang='lat' dir='ltr'><strong>Veleiae</strong></span> <span class='ocrx_word' id='word_1_192' title='bbox 2915 4427 3082 4487; x_wconf 81' lang='lat' dir='ltr'><strong>fundi</strong></span> <span class='ocrx_word' id='word_1_193' title='bbox 3107 4441 3292 4489; x_wconf 80' lang='lat' dir='ltr'><strong>erant.</strong></span> 
     </span>
    </p>

    <p class='ocr_par' dir='ltr' id='par_1_16' title="bbox 1430 4529 3333 4610">
     <span class='ocr_line' id='line_1_34' title="bbox 1430 4529 3333 4610; baseline 0.003 -23"><span class='ocrx_word' id='word_1_194' title='bbox 1430 4534 1489 4588; x_wconf 69' lang='lat'><strong>4.</strong></span> <span class='ocrx_word' id='word_1_195' title='bbox 1527 4534 1595 4588; x_wconf 90' lang='lat' dir='ltr'><strong>In</strong></span> <span class='ocrx_word' id='word_1_196' title='bbox 1621 4529 1734 4589; x_wconf 89' lang='lat' dir='ltr'><strong>hoc</strong></span> <span class='ocrx_word' id='word_1_197' title='bbox 1759 4551 1912 4610; x_wconf 82' lang='lat' dir='ltr'><strong>pago</strong></span> <span class='ocrx_word' id='word_1_198' title='bbox 1938 4531 2189 4591; x_wconf 85' lang='lat' dir='ltr'><strong>Libarna</strong></span> <span class='ocrx_word' id='word_1_199' title='bbox 2214 4532 2417 4592; x_wconf 86' lang='lat' dir='ltr'><strong>civitas</strong></span> <span class='ocrx_word' id='word_1_200' title='bbox 2438 4531 2718 4610; x_wconf 82' lang='lat' dir='ltr'><strong>quosdam</strong></span> <span class='ocrx_word' id='word_1_201' title='bbox 2747 4531 2955 4590; x_wconf 79' lang='lat' dir='ltr'><strong>fundos</strong></span> <span class='ocrx_word' id='word_1_202' title='bbox 2982 4530 3333 4610; x_wconf 78' lang='lat' dir='ltr'><strong>possidebat.</strong></span> 
     </span>
    </p>

    <p class='ocr_par' dir='ltr' id='par_1_17' title="bbox 1434 4632 2794 4712">
     <span class='ocr_line' id='line_1_35' title="bbox 1434 4632 2794 4712; baseline 0.001 -22"><span class='ocrx_word' id='word_1_203' title='bbox 1434 4636 1492 4692; x_wconf 79' lang='lat'><strong>5.</strong></span> <span class='ocrx_word' id='word_1_204' title='bbox 1526 4633 1739 4692; x_wconf 84' lang='lat' dir='ltr'><strong>Partim</strong></span> <span class='ocrx_word' id='word_1_205' title='bbox 1758 4634 1820 4691; x_wconf 91' lang='lat' dir='ltr'><strong>in</strong></span> <span class='ocrx_word' id='word_1_206' title='bbox 1846 4632 2123 4708; x_wconf 81' lang='lat' dir='ltr'><strong>Veleiate‚</strong></span> <span class='ocrx_word' id='word_1_207' title='bbox 2142 4633 2353 4712; x_wconf 83' lang='lat' dir='ltr'><strong>partim</strong></span> <span class='ocrx_word' id='word_1_208' title='bbox 2378 4633 2441 4690; x_wconf 88' lang='lat' dir='ltr'><strong>in</strong></span> <span class='ocrx_word' id='word_1_209' title='bbox 2466 4635 2794 4692; x_wconf 86' lang='lat' dir='ltr'><strong>Parmense.</strong></span> 
     </span>
    </p>

    <p class='ocr_par' dir='ltr' id='par_1_18' title="bbox 1434 4732 3788 4918">
     <span class='ocr_line' id='line_1_36' title="bbox 1434 4732 3788 4822; baseline 0.001 -32"><span class='ocrx_word' id='word_1_210' title='bbox 1434 4735 1491 4793; x_wconf 89' lang='grc'><strong>6.</strong></span> <span class='ocrx_word' id='word_1_211' title='bbox 1524 4737 1593 4791; x_wconf 90' lang='lat' dir='ltr'><strong>In</strong></span> <span class='ocrx_word' id='word_1_212' title='bbox 1618 4733 1731 4791; x_wconf 89' lang='lat' dir='ltr'><strong>hoc</strong></span> <span class='ocrx_word' id='word_1_213' title='bbox 1757 4753 1908 4816; x_wconf 84' lang='lat' dir='ltr'><strong>pago</strong></span> <span class='ocrx_word' id='word_1_214' title='bbox 1933 4734 2227 4794; x_wconf 87' lang='lat' dir='ltr'><strong>Placentia</strong></span> <span class='ocrx_word' id='word_1_215' title='bbox 2248 4747 2307 4792; x_wconf 89' lang='lat' dir='ltr'><strong>et</strong></span> <span class='ocrx_word' id='word_1_216' title='bbox 2330 4739 2537 4792; x_wconf 89' lang='lat' dir='ltr'><strong>Parma</strong></span> <span class='ocrx_word' id='word_1_217' title='bbox 2562 4733 2824 4794; x_wconf 85' lang='lat' dir='ltr'><strong>civitates</strong></span> <span class='ocrx_word' id='word_1_218' title='bbox 2850 4732 3132 4822; x_wconf 84' lang='lat' dir='ltr'><strong>quosdam</strong></span> <span class='ocrx_word' id='word_1_219' title='bbox 3159 4733 3372 4794; x_wconf 77' lang='lat' dir='ltr'><strong>fundos</strong></span> <span class='ocrx_word' id='word_1_220' title='bbox 3394 4732 3788 4814; x_wconf 82' lang='lat' dir='ltr'><strong>possidebant.</strong></span> 
     </span>
     <span class='ocr_line' id='line_1_37' title="bbox 1438 4837 2732 4918; baseline 0.003 -26"><span class='ocrx_word' id='word_1_221' title='bbox 1438 4837 1497 4895; x_wconf 83' lang='lat'><strong>7.</strong></span> <span class='ocrx_word' id='word_1_222' title='bbox 1532 4837 1748 4895; x_wconf 85' lang='lat' dir='ltr'><strong>Partim</strong></span> <span class='ocrx_word' id='word_1_223' title='bbox 1776 4839 1836 4896; x_wconf 91' lang='lat' dir='ltr'><strong>in</strong></span> <span class='ocrx_word' id='word_1_224' title='bbox 1856 4839 2075 4914; x_wconf 87' lang='lat' dir='ltr'><strong>Veleia,</strong></span> <span class='ocrx_word' id='word_1_225' title='bbox 2098 4838 2307 4918; x_wconf 86' lang='lat' dir='ltr'><strong>partim</strong></span> <span class='ocrx_word' id='word_1_226' title='bbox 2334 4837 2395 4896; x_wconf 89' lang='lat' dir='ltr'><strong>in</strong></span> <span class='ocrx_word' id='word_1_227' title='bbox 2423 4839 2732 4896; x_wconf 82' lang='lat' dir='ltr'><strong>Placentia.</strong></span> 
     </span>
    </p>
   </div>
   <div class='ocr_carea' id='block_1_7' title="bbox 1370 4940 2747 5117">
    <p class='ocr_par' dir='ltr' id='par_1_19' title="bbox 1370 4940 2747 5117">
     <span class='ocr_line' id='line_1_38' title="bbox 1370 4940 2747 5021; baseline 0.001 -22"><span class='ocrx_word' id='word_1_228' title='bbox 1370 4977 1375 4984; x_wconf 88' lang='lat'><em>·</em></span> <span class='ocrx_word' id='word_1_229' title='bbox 1440 4943 1494 4999; x_wconf 88' lang='lat'><strong>8.</strong></span> <span class='ocrx_word' id='word_1_230' title='bbox 1530 4941 1747 4998; x_wconf 79' lang='lat' dir='ltr'><strong>Partim</strong></span> <span class='ocrx_word' id='word_1_231' title='bbox 1772 4940 1833 5000; x_wconf 91' lang='lat' dir='ltr'><strong>in</strong></span> <span class='ocrx_word' id='word_1_232' title='bbox 1857 4942 2315 5021; x_wconf 82' lang='lat' dir='ltr'><strong>Veleia,·partim</strong></span> <span class='ocrx_word' id='word_1_233' title='bbox 2346 4941 2407 5000; x_wconf 91' lang='lat' dir='ltr'><strong>in</strong></span> <span class='ocrx_word' id='word_1_234' title='bbox 2435 4941 2747 5001; x_wconf 76' lang='lat' dir='ltr'><strong>Placentia.</strong></span> 
     </span>
     <span class='ocr_line' id='line_1_39' title="bbox 1434 5047 1757 5117; baseline 0 -15"><span class='ocrx_word' id='word_1_235' title='bbox 1434 5047 1495 5106; x_wconf 80' lang='lat'><strong>9.</strong></span> <span class='ocrx_word' id='word_1_236' title='bbox 1526 5047 1624 5117; x_wconf 90' lang='lat' dir='ltr'><strong>1v,</strong></span> <span class='ocrx_word' id='word_1_237' title='bbox 1660 5049 1757 5102; x_wconf 79' lang='lat'><strong>15.</strong></span> 
     </span>
    </p>
   </div>
   <div class='ocr_carea' id='block_1_8' title="bbox 5015 1812 5019 2349">
    <p class='ocr_par' dir='ltr' id='par_1_20' title="bbox 5015 1812 5019 2349">
     <span class='ocr_line' id='line_1_40' title="bbox 5015 1812 5019 2349; baseline 0 0"><span class='ocrx_word' id='word_1_238' title='bbox 5015 1812 5019 2349; x_wconf 95' lang='lat' dir='ltr'><strong> </strong></span> 
     </span>
    </p>
   </div>
  </div>
 </body>
</html>
