<?xml version="1.0" encoding="UTF-8"?>
<!DOCTYPE html PUBLIC "-//W3C//DTD XHTML 1.0 Transitional//EN"
    "http://www.w3.org/TR/xhtml1/DTD/xhtml1-transitional.dtd">
<html xmlns="http://www.w3.org/1999/xhtml" xml:lang="en" lang="en">
 <head>
  <title>
</title>
<meta http-equiv="Content-Type" content="text/html;charset=utf-8" />
  <meta name='ocr-system' content='tesseract 3.04.00' />
  <meta name='ocr-capabilities' content='ocr_page ocr_carea ocr_par ocr_line ocrx_word'/>
</head>
<body>
  <div class='ocr_page' id='page_1' title='image "./detabulisalimen01desjgoog_0023.png"; bbox 0 0 5080 6254; ppageno 0'>
   <div class='ocr_carea' id='block_1_1' title="bbox 2126 686 2467 757">
    <p class='ocr_par' dir='ltr' id='par_1_1' title="bbox 2126 686 2467 757">
     <span class='ocr_line' id='line_1_1' title="bbox 2126 686 2467 757; baseline -0.009 -15"><span class='ocrx_word' id='word_1_1' title='bbox 2126 686 2467 757; x_wconf 66' lang='grc'><strong>-7-</strong></span> 
     </span>
    </p>
   </div>
   <div class='ocr_carea' id='block_1_2' title="bbox 806 851 3798 1072">
    <p class='ocr_par' dir='ltr' id='par_1_2' title="bbox 806 851 3798 1072">
     <span class='ocr_line' id='line_1_2' title="bbox 806 851 3798 953; baseline -0.001 -25"><span class='ocrx_word' id='word_1_2' title='bbox 806 856 1110 944; x_wconf 87' lang='lat' dir='ltr'><strong>butum,</strong></span> <span class='ocrx_word' id='word_1_3' title='bbox 1146 854 1218 926; x_wconf 92' lang='lat' dir='ltr'><strong>in</strong></span> <span class='ocrx_word' id='word_1_4' title='bbox 1254 878 1403 952; x_wconf 89' lang='lat' dir='ltr'><strong>quo</strong></span> <span class='ocrx_word' id='word_1_5' title='bbox 1440 854 1603 953; x_wconf 88' lang='lat' dir='ltr'><strong>quis</strong></span> <span class='ocrx_word' id='word_1_6' title='bbox 1644 852 1854 925; x_wconf 83' lang='lat' dir='ltr'><strong>suerit</strong></span> <span class='ocrx_word' id='word_1_7' title='bbox 1895 852 2353 950; x_wconf 80' lang='lat' dir='ltr'>largitionum</span> <span class='ocrx_word' id='word_1_8' title='bbox 2396 864 2650 924; x_wconf 83' lang='lat' dir='ltr'><strong>auctor</strong></span> <span class='ocrx_word' id='word_1_9' title='bbox 2681 851 3025 948; x_wconf 82' lang='lat' dir='ltr'><strong>exquirit,</strong></span> <span class='ocrx_word' id='word_1_10' title='bbox 3067 866 3140 923; x_wconf 90' lang='lat' dir='ltr'><strong>et</strong></span> <span class='ocrx_word' id='word_1_11' title='bbox 3175 851 3564 949; x_wconf 89' lang='lat' dir='ltr'><strong>unicuique</strong></span> <span class='ocrx_word' id='word_1_12' title='bbox 3594 875 3798 925; x_wconf 88' lang='lat' dir='ltr'><strong>suam</strong></span> 
     </span>
     <span class='ocr_line' id='line_1_3' title="bbox 811 970 3796 1072; baseline -0.001 -24"><span class='ocrx_word' id='word_1_13' title='bbox 811 974 1118 1063; x_wconf 84' lang='lat' dir='ltr'><strong>civitati,</strong></span> <span class='ocrx_word' id='word_1_14' title='bbox 1158 998 1344 1072; x_wconf 90' lang='lat' dir='ltr'><strong>pago</strong></span> <span class='ocrx_word' id='word_1_15' title='bbox 1374 974 1749 1071; x_wconf 86' lang='lat' dir='ltr'><strong>fundoque</strong></span> <span class='ocrx_word' id='word_1_16' title='bbox 1778 972 2027 1045; x_wconf 87' lang='lat' dir='ltr'><strong>sedem</strong></span> <span class='ocrx_word' id='word_1_17' title='bbox 2062 972 2417 1070; x_wconf 87' lang='lat' dir='ltr'><strong>assignare</strong></span> <span class='ocrx_word' id='word_1_18' title='bbox 2450 971 2726 1061; x_wconf 80' lang='lat' dir='ltr'><strong>studet3</strong></span> <span class='ocrx_word' id='word_1_19' title='bbox 2765 972 3122 1069; x_wconf 86' lang='lat' dir='ltr'><strong>quosdam</strong></span> <span class='ocrx_word' id='word_1_20' title='bbox 3157 970 3526 1043; x_wconf 87' lang='lat' dir='ltr'><strong>Placentiae</strong></span> <span class='ocrx_word' id='word_1_21' title='bbox 3557 986 3628 1043; x_wconf 93' lang='lat' dir='ltr'><strong>et</strong></span> <span class='ocrx_word' id='word_1_22' title='bbox 3663 976 3796 1045; x_wconf 85' lang='lat' dir='ltr'><strong>Ve-</strong></span> 
     </span>
    </p>
   </div>
   <div class='ocr_carea' id='block_1_3' title="bbox 806 1093 3801 3101">
    <p class='ocr_par' dir='ltr' id='par_1_3' title="bbox 808 1093 3798 1672">
     <span class='ocr_line' id='line_1_4' title="bbox 809 1093 3798 1195; baseline 0 -27"><span class='ocrx_word' id='word_1_23' title='bbox 809 1096 963 1169; x_wconf 82' lang='lat' dir='ltr'><strong>leiae</strong></span> <span class='ocrx_word' id='word_1_24' title='bbox 992 1121 1215 1195; x_wconf 86' lang='lat' dir='ltr'>pagos</span> <span class='ocrx_word' id='word_1_25' title='bbox 1244 1095 1337 1169; x_wconf 92' lang='lat' dir='ltr'><strong>ad</strong></span> <span class='ocrx_word' id='word_1_26' title='bbox 1371 1096 1548 1168; x_wconf 90' lang='lat' dir='ltr'><strong>imas</strong></span> <span class='ocrx_word' id='word_1_27' title='bbox 1580 1122 1809 1195; x_wconf 89' lang='lat' dir='ltr'><strong>usque</strong></span> <span class='ocrx_word' id='word_1_28' title='bbox 1838 1097 2048 1195; x_wconf 82' lang='lat' dir='ltr'><strong>Alpes</strong></span> <span class='ocrx_word' id='word_1_29' title='bbox 2067 1154 2086 1190; x_wconf 88' lang='lat'><strong>,</strong></span> <span class='ocrx_word' id='word_1_30' title='bbox 2130 1121 2273 1194; x_wconf 90' lang='lat' dir='ltr'><strong>qua</strong></span> <span class='ocrx_word' id='word_1_31' title='bbox 2312 1108 2580 1193; x_wconf 87' lang='lat' dir='ltr'><strong>spectat</strong></span> <span class='ocrx_word' id='word_1_32' title='bbox 2613 1100 2923 1191; x_wconf 83' lang='lat' dir='ltr'><strong>Augusta</strong></span> <span class='ocrx_word' id='word_1_33' title='bbox 2947 1094 3424 1167; x_wconf 82' lang='lat' dir='ltr'><strong>Taurinorum</strong></span> <span class='ocrx_word' id='word_1_34' title='bbox 3461 1093 3798 1168; x_wconf 88' lang='lat' dir='ltr'><strong>occiden-</strong></span> 
     </span>
     <span class='ocr_line' id='line_1_5' title="bbox 810 1198 3797 1310; baseline 0 -21"><span class='ocrx_word' id='word_1_35' title='bbox 810 1231 956 1289; x_wconf 85' lang='lat' dir='ltr'><strong>tem</strong></span> <span class='ocrx_word' id='word_1_36' title='bbox 979 1273 999 1310; x_wconf 92' lang='lat'><strong>,</strong></span> <span class='ocrx_word' id='word_1_37' title='bbox 1046 1198 1571 1288; x_wconf 72' lang='lat' dir='ltr'><strong>transferendos</strong></span> <span class='ocrx_word' id='word_1_38' title='bbox 1618 1242 1773 1289; x_wconf 89' lang='lat' dir='ltr'><strong>esse</strong></span> <span class='ocrx_word' id='word_1_39' title='bbox 1823 1215 2207 1290; x_wconf 86' lang='lat' dir='ltr'><strong>arbitratur</strong></span> <span class='ocrx_word' id='word_1_40' title='bbox 2234 1220 2277 1287; x_wconf 86' lang='lat'><strong>¹.</strong></span> <span class='ocrx_word' id='word_1_41' title='bbox 2340 1214 2669 1287; x_wconf 80' lang='lat' dir='ltr'><strong>Pitarellii</strong></span> <span class='ocrx_word' id='word_1_42' title='bbox 2729 1229 2966 1287; x_wconf 89' lang='lat' dir='ltr'><strong>tamen</strong></span> <span class='ocrx_word' id='word_1_43' title='bbox 3021 1215 3206 1287; x_wconf 86' lang='lat' dir='ltr'><strong>liber</strong></span> <span class='ocrx_word' id='word_1_44' title='bbox 3255 1214 3589 1287; x_wconf 82' lang='lat' dir='ltr'><strong>nonnihil</strong></span> <span class='ocrx_word' id='word_1_45' title='bbox 3645 1216 3797 1289; x_wconf 83' lang='lat' dir='ltr'><strong>veri</strong></span> 
     </span>
     <span class='ocr_line' id='line_1_6' title="bbox 810 1333 3795 1434; baseline 0 -28"><span class='ocrx_word' id='word_1_46' title='bbox 810 1335 1167 1426; x_wconf 88' lang='lat' dir='ltr'><strong>continet,</strong></span> <span class='ocrx_word' id='word_1_47' title='bbox 1197 1350 1269 1406; x_wconf 92' lang='lat' dir='ltr'><strong>et</strong></span> <span class='ocrx_word' id='word_1_48' title='bbox 1292 1334 1619 1433; x_wconf 87' lang='lat' dir='ltr'><strong>quamvis</strong></span> <span class='ocrx_word' id='word_1_49' title='bbox 1650 1338 1845 1407; x_wconf 86' lang='lat' dir='ltr'><strong>Carae</strong></span> <span class='ocrx_word' id='word_1_50' title='bbox 1878 1336 2081 1433; x_wconf 89' lang='lat' dir='ltr'><strong>operi</strong></span> <span class='ocrx_word' id='word_1_51' title='bbox 2128 1334 2445 1434; x_wconf 84' lang='lat' dir='ltr'><strong>primum</strong></span> <span class='ocrx_word' id='word_1_52' title='bbox 2493 1333 2735 1405; x_wconf 88' lang='lat' dir='ltr'><strong>locum</strong></span> <span class='ocrx_word' id='word_1_53' title='bbox 2769 1335 3117 1432; x_wconf 86' lang='lat' dir='ltr'><strong>assignem</strong></span> <span class='ocrx_word' id='word_1_54' title='bbox 3137 1390 3156 1425; x_wconf 96' lang='lat'><strong>,</strong></span> <span class='ocrx_word' id='word_1_55' title='bbox 3194 1358 3479 1423; x_wconf 84' lang='lat' dir='ltr'><strong>verum,</strong></span> <span class='ocrx_word' id='word_1_56' title='bbox 3530 1347 3613 1405; x_wconf 92' lang='lat' dir='ltr'><strong>ut</strong></span> <span class='ocrx_word' id='word_1_57' title='bbox 3645 1334 3795 1432; x_wconf 81' lang='lat' dir='ltr'><strong>ple-</strong></span> 
     </span>
     <span class='ocr_line' id='line_1_7' title="bbox 810 1452 3796 1551; baseline 0 -26"><span class='ocrx_word' id='word_1_58' title='bbox 810 1476 1118 1550; x_wconf 87' lang='lat' dir='ltr'><strong>rumque</strong></span> <span class='ocrx_word' id='word_1_59' title='bbox 1150 1452 1262 1545; x_wconf 79' lang='lat' dir='ltr'><strong>fit,</strong></span> <span class='ocrx_word' id='word_1_60' title='bbox 1301 1452 1486 1524; x_wconf 89' lang='lat' dir='ltr'><strong>inter</strong></span> <span class='ocrx_word' id='word_1_61' title='bbox 1516 1467 1905 1551; x_wconf 88' lang='lat' dir='ltr'><strong>utrumque</strong></span> <span class='ocrx_word' id='word_1_62' title='bbox 1938 1454 2011 1525; x_wconf 91' lang='lat' dir='ltr'><strong>in</strong></span> <span class='ocrx_word' id='word_1_63' title='bbox 2047 1453 2289 1527; x_wconf 89' lang='lat' dir='ltr'><strong>medio</strong></span> <span class='ocrx_word' id='word_1_64' title='bbox 2315 1452 2762 1551; x_wconf 85' lang='lat' dir='ltr'><strong>deprehendi</strong></span> <span class='ocrx_word' id='word_1_65' title='bbox 2796 1453 2979 1525; x_wconf 79' lang='lat' dir='ltr'><strong>infra</strong></span> <span class='ocrx_word' id='word_1_66' title='bbox 3004 1452 3406 1526; x_wconf 88' lang='lat' dir='ltr'><strong>ostendam.</strong></span> <span class='ocrx_word' id='word_1_67' title='bbox 3443 1456 3796 1549; x_wconf 78' lang='lat' dir='ltr'><strong>integram</strong></span> 
     </span>
     <span class='ocr_line' id='line_1_8' title="bbox 808 1569 2185 1672; baseline 0.002 -32"><span class='ocrx_word' id='word_1_68' title='bbox 808 1569 1149 1643; x_wconf 86' lang='lat' dir='ltr'><strong>Tabulam</strong></span> <span class='ocrx_word' id='word_1_69' title='bbox 1188 1571 1581 1644; x_wconf 84' lang='lat' dir='ltr'><strong>Pitarellius</strong></span> <span class='ocrx_word' id='word_1_70' title='bbox 1611 1574 1827 1644; x_wconf 88' lang='lat' dir='ltr'><strong>etiam</strong></span> <span class='ocrx_word' id='word_1_71' title='bbox 1859 1572 2185 1672; x_wconf 87' lang='lat' dir='ltr'><strong>protulit.</strong></span> 
     </span>
    </p>

    <p class='ocr_par' dir='ltr' id='par_1_4' title="bbox 808 1688 3797 1908">
     <span class='ocr_line' id='line_1_9' title="bbox 908 1688 3797 1825; baseline 0 -65"><span class='ocrx_word' id='word_1_72' title='bbox 908 1694 959 1783; x_wconf 72' lang='lat' dir='ltr'>S</span> <span class='ocrx_word' id='word_1_73' title='bbox 992 1694 1177 1761; x_wconf 74' lang='lat' dir='ltr'><strong>xxi.</strong></span> <span class='ocrx_word' id='word_1_74' title='bbox 1221 1695 1427 1761; x_wconf 77' lang='lat' dir='ltr'><strong>Anno</strong></span> <span class='ocrx_word' id='word_1_75' title='bbox 1456 1691 2029 1825; x_wconf 66' lang='grc' dir='ltr'><strong>1808,Ψο]ίίιιε,</strong></span> <span class='ocrx_word' id='word_1_76' title='bbox 2064 1695 2137 1765; x_wconf 89' lang='lat' dir='ltr'><strong>in</strong></span> <span class='ocrx_word' id='word_1_77' title='bbox 2173 1690 2591 1763; x_wconf 87' lang='lat' dir='ltr'><strong>doctissimo</strong></span> <span class='ocrx_word' id='word_1_78' title='bbox 2617 1688 2865 1762; x_wconf 79' lang='lat' dir='ltr'><strong>libello</strong></span> <span class='ocrx_word' id='word_1_79' title='bbox 2893 1688 3467 1761; x_wconf 86' lang='lat' dir='ltr'><strong>de·1nstitutione</strong></span> <span class='ocrx_word' id='word_1_80' title='bbox 3499 1690 3797 1763; x_wconf 85' lang='lat' dir='ltr'><strong>alimen-</strong></span> 
     </span>
     <span class='ocr_line' id='line_1_10' title="bbox 808 1805 3482 1947; baseline 0.002 -72"><span class='ocrx_word' id='word_1_81' title='bbox 808 1806 990 1877; x_wconf 83' lang='lat' dir='ltr'><strong>taria</strong></span> <span class='ocrx_word' id='word_1_82' title='bbox 1016 1805 1439 1903; x_wconf 85' lang='lat' dir='ltr'><strong>disputavit,</strong></span> <span class='ocrx_word' id='word_1_83' title='bbox 1470 1810 1646 1880; x_wconf 82' lang='lat' dir='ltr'><strong>etin</strong></span> <span class='ocrx_word' id='word_1_84' title='bbox 1678 1810 2201 1947; x_wconf 85' lang='lat' dir='ltr'><strong>appendicibus</strong></span> <span class='ocrx_word' id='word_1_85' title='bbox 2238 1824 2463 1883; x_wconf 90' lang='lat' dir='ltr'><strong>totam</strong></span> <span class='ocrx_word' id='word_1_86' title='bbox 2506 1810 3052 1907; x_wconf 78' lang='lat' dir='ltr'><strong>Inscriptionem</strong></span> <span class='ocrx_word' id='word_1_87' title='bbox 3086 1808 3482 1882; x_wconf 84' lang='lat' dir='ltr'><strong>exhibuit.</strong></span> <span class='ocrx_word' id='word_1_88' title='bbox 3433 1812 3458 1849; x_wconf 83' lang='lat'>²</span> 
     </span>
    </p>

    <p class='ocr_par' dir='ltr' id='par_1_5' title="bbox 810 1928 3796 2122">
     <span class='ocr_line' id='line_1_11' title="bbox 908 1928 3796 2027; baseline 0.001 -31"><span class='ocrx_word' id='word_1_89' title='bbox 908 1928 959 2017; x_wconf 73' lang='lat' dir='ltr'>S</span> <span class='ocrx_word' id='word_1_90' title='bbox 1018 1930 1234 1997; x_wconf 81' lang='lat' dir='ltr'><strong>XXII.</strong></span> <span class='ocrx_word' id='word_1_91' title='bbox 1304 1933 1515 2001; x_wconf 71' lang='lat' dir='ltr'><strong>Anno</strong></span> <span class='ocrx_word' id='word_1_92' title='bbox 1574 1932 1807 2023; x_wconf 88' lang='grc'><strong>1809,</strong></span> <span class='ocrx_word' id='word_1_93' title='bbox 1858 1956 1901 2003; x_wconf 88' lang='lat' dir='ltr'><strong>a</strong></span> <span class='ocrx_word' id='word_1_94' title='bbox 1946 1931 2107 2003; x_wconf 85' lang='lat' dir='ltr'><strong>viro</strong></span> <span class='ocrx_word' id='word_1_95' title='bbox 2160 1956 2447 2003; x_wconf 88' lang='lat' dir='ltr'><strong>summo</strong></span> <span class='ocrx_word' id='word_1_96' title='bbox 2504 1936 2584 2001; x_wconf 91' lang='lat' dir='ltr'><strong>F.</strong></span> <span class='ocrx_word' id='word_1_97' title='bbox 2633 1934 2716 2001; x_wconf 92' lang='lat' dir='ltr'><strong>C.</strong></span> <span class='ocrx_word' id='word_1_98' title='bbox 2766 1928 3145 2003; x_wconf 90' lang='lat' dir='ltr'><strong>Sabiniaco</strong></span> <span class='ocrx_word' id='word_1_99' title='bbox 3197 1930 3616 2027; x_wconf 85' lang='lat' dir='ltr'><strong>pervulgata</strong></span> <span class='ocrx_word' id='word_1_100' title='bbox 3663 1928 3796 2003; x_wconf 83' lang='lat' dir='ltr'><strong>fuit</strong></span> 
     </span>
     <span class='ocr_line' id='line_1_12' title="bbox 810 2046 2239 2122; baseline 0.005 -7"><span class='ocrx_word' id='word_1_101' title='bbox 810 2046 1437 2118; x_wconf 82' lang='lat' dir='ltr'><strong>commentationis</strong></span> <span class='ocrx_word' id='word_1_102' title='bbox 1470 2046 1845 2120; x_wconf 76' lang='lat' dir='ltr'><strong>Wolfianae</strong></span> <span class='ocrx_word' id='word_1_103' title='bbox 1875 2053 2239 2122; x_wconf 45' lang='lat' dir='ltr'><strong>censura&amp;</strong></span> 
     </span>
    </p>

    <p class='ocr_par' dir='ltr' id='par_1_6' title="bbox 809 2168 3799 2507">
     <span class='ocr_line' id='line_1_13' title="bbox 907 2168 3799 2264; baseline 0.002 -28"><span class='ocrx_word' id='word_1_104' title='bbox 907 2169 959 2259; x_wconf 81' lang='grc'>5</span> <span class='ocrx_word' id='word_1_105' title='bbox 989 2170 1239 2239; x_wconf 84' lang='lat' dir='ltr'><strong>xxm.</strong></span> <span class='ocrx_word' id='word_1_106' title='bbox 1282 2168 1501 2239; x_wconf 76' lang='lat' dir='ltr'><strong>Annis</strong></span> <span class='ocrx_word' id='word_1_107' title='bbox 1526 2170 1745 2259; x_wconf 87' lang='grc'><strong>1809,</strong></span> <span class='ocrx_word' id='word_1_108' title='bbox 1788 2172 2005 2262; x_wconf 83' lang='grc'><strong>1810,</strong></span> <span class='ocrx_word' id='word_1_109' title='bbox 2042 2173 2260 2264; x_wconf 70' lang='grc'><strong>1811,</strong></span> <span class='ocrx_word' id='word_1_110' title='bbox 2297 2170 2576 2242; x_wconf 86' lang='lat' dir='ltr'><strong>Pausser</strong></span> <span class='ocrx_word' id='word_1_111' title='bbox 2606 2168 2833 2241; x_wconf 89' lang='lat' dir='ltr'><strong>edidit</strong></span> <span class='ocrx_word' id='word_1_112' title='bbox 2861 2169 3568 2240; x_wconf 88' lang='lat' dir='ltr'><strong>Commentationem</strong></span> <span class='ocrx_word' id='word_1_113' title='bbox 3611 2168 3799 2243; x_wconf 84' lang='lat' dir='ltr'><strong>doc-</strong></span> 
     </span>
     <span class='ocr_line' id='line_1_14' title="bbox 810 2285 3797 2388; baseline 0.002 -34"><span class='ocrx_word' id='word_1_114' title='bbox 810 2285 991 2355; x_wconf 86' lang='lat' dir='ltr'><strong>trina</strong></span> <span class='ocrx_word' id='word_1_115' title='bbox 1020 2298 1090 2357; x_wconf 89' lang='lat' dir='ltr'><strong>et</strong></span> <span class='ocrx_word' id='word_1_116' title='bbox 1116 2286 1394 2382; x_wconf 88' lang='lat' dir='ltr'><strong>judicio</strong></span> <span class='ocrx_word' id='word_1_117' title='bbox 1428 2288 1797 2381; x_wconf 79' lang='lat' dir='ltr'><strong>eximiam,</strong></span> <span class='ocrx_word' id='word_1_118' title='bbox 1841 2288 1915 2360; x_wconf 89' lang='lat' dir='ltr'><strong>in</strong></span> <span class='ocrx_word' id='word_1_119' title='bbox 1950 2314 2094 2385; x_wconf 89' lang='lat' dir='ltr'><strong>qua</strong></span> <span class='ocrx_word' id='word_1_120' title='bbox 2133 2289 2624 2387; x_wconf 86' lang='lat' dir='ltr'><strong>anaglyphum</strong></span> <span class='ocrx_word' id='word_1_121' title='bbox 2657 2312 2844 2388; x_wconf 89' lang='lat' dir='ltr'><strong>opus</strong></span> <span class='ocrx_word' id='word_1_122' title='bbox 2872 2294 2945 2361; x_wconf 91' lang='lat' dir='ltr'><em>V</em></span> <span class='ocrx_word' id='word_1_123' title='bbox 2937 2286 3380 2360; x_wconf 60' lang='lat' dir='ltr'><strong>illm-Albam·</strong></span> <span class='ocrx_word' id='word_1_124' title='bbox 3412 2286 3506 2359; x_wconf 89' lang='lat' dir='ltr'><strong>de</strong></span> <span class='ocrx_word' id='word_1_125' title='bbox 3537 2287 3797 2361; x_wconf 88' lang='lat' dir='ltr'><strong>Puellis</strong></span> 
     </span>
     <span class='ocr_line' id='line_1_15' title="bbox 809 2404 2820 2507; baseline 0.003 -33"><span class='ocrx_word' id='word_1_126' title='bbox 809 2404 1279 2478; x_wconf 87' lang='lat' dir='ltr'><strong>Faustinianis</strong></span> <span class='ocrx_word' id='word_1_127' title='bbox 1309 2407 1774 2479; x_wconf 85' lang='lat' dir='ltr'><strong>alimentariis</strong></span> <span class='ocrx_word' id='word_1_128' title='bbox 1822 2408 2110 2481; x_wconf 78' lang='lat' dir='ltr'><strong>exhibet</strong></span> <span class='ocrx_word' id='word_1_129' title='bbox 2142 2423 2214 2480; x_wconf 92' lang='lat' dir='ltr'><strong>et</strong></span> <span class='ocrx_word' id='word_1_130' title='bbox 2246 2409 2756 2507; x_wconf 86' lang='lat' dir='ltr'><strong>interpretatur</strong></span> <span class='ocrx_word' id='word_1_131' title='bbox 2776 2410 2820 2480; x_wconf 73' lang='lat'><strong>⁶.</strong></span> 
     </span>
    </p>

    <p class='ocr_par' dir='ltr' id='par_1_7' title="bbox 806 2518 3801 3101">
     <span class='ocr_line' id='line_1_16' title="bbox 906 2518 3796 2629; baseline 0.001 -33"><span class='ocrx_word' id='word_1_132' title='bbox 906 2528 959 2618; x_wconf 74' lang='lat' dir='ltr'>S</span> <span class='ocrx_word' id='word_1_133' title='bbox 983 2529 1232 2598; x_wconf 87' lang='lat' dir='ltr'><strong>XXIV.</strong></span> <span class='ocrx_word' id='word_1_134' title='bbox 1268 2531 1413 2599; x_wconf 84' lang='lat' dir='ltr'><strong>Per</strong></span> <span class='ocrx_word' id='word_1_135' title='bbox 1453 2528 1621 2601; x_wconf 86' lang='lat' dir='ltr'><strong>istas</strong></span> <span class='ocrx_word' id='word_1_136' title='bbox 1655 2529 2042 2602; x_wconf 89' lang='lat' dir='ltr'><strong>doctorum</strong></span> <span class='ocrx_word' id='word_1_137' title='bbox 2074 2518 2594 2629; x_wconf 86' lang='lat' dir='ltr'><strong>disputationes</strong></span> <span class='ocrx_word' id='word_1_138' title='bbox 2635 2530 2736 2602; x_wconf 87' lang='lat' dir='ltr'><strong>sic</strong></span> <span class='ocrx_word' id='word_1_139' title='bbox 2765 2529 3081 2627; x_wconf 82' lang='lat' dir='ltr'><strong>Trajanae</strong></span> <span class='ocrx_word' id='word_1_140' title='bbox 3099 2528 3386 2601; x_wconf 85' lang='lat' dir='ltr'><strong>Tabulae</strong></span> <span class='ocrx_word' id='word_1_141' title='bbox 3413 2528 3597 2600; x_wconf 84' lang='lat' dir='ltr'><strong>fama</strong></span> <span class='ocrx_word' id='word_1_142' title='bbox 3633 2550 3796 2627; x_wconf 88' lang='lat' dir='ltr'><strong>per-</strong></span> 
     </span>
     <span class='ocr_line' id='line_1_17' title="bbox 806 2642 3798 2745; baseline 0.001 -30"><span class='ocrx_word' id='word_1_143' title='bbox 806 2642 1218 2737; x_wconf 85' lang='lat' dir='ltr'><strong>crebuerat,</strong></span> <span class='ocrx_word' id='word_1_144' title='bbox 1255 2661 1334 2717; x_wconf 90' lang='lat' dir='ltr'><strong>ut</strong></span> <span class='ocrx_word' id='word_1_145' title='bbox 1365 2648 1697 2744; x_wconf 80' lang='lat' dir='ltr'><strong>proximo</strong></span> <span class='ocrx_word' id='word_1_146' title='bbox 1721 2647 2090 2722; x_wconf 89' lang='lat' dir='ltr'><strong>desinente</strong></span> <span class='ocrx_word' id='word_1_147' title='bbox 2124 2649 2411 2743; x_wconf 86' lang='lat' dir='ltr'><strong>saeculo,</strong></span> <span class='ocrx_word' id='word_1_148' title='bbox 2442 2674 2603 2723; x_wconf 88' lang='lat' dir='ltr'><strong>eam</strong></span> <span class='ocrx_word' id='word_1_149' title='bbox 2629 2650 2917 2723; x_wconf 85' lang='lat' dir='ltr'><strong>Gallicae</strong></span> <span class='ocrx_word' id='word_1_150' title='bbox 2941 2650 3292 2745; x_wconf 81' lang='lat' dir='ltr'><strong>legiones,</strong></span> <span class='ocrx_word' id='word_1_151' title='bbox 3321 2648 3524 2745; x_wconf 88' lang='lat' dir='ltr'><strong>quasi</strong></span> <span class='ocrx_word' id='word_1_152' title='bbox 3557 2647 3798 2743; x_wconf 89' lang='lat' dir='ltr'><strong>magni</strong></span> 
     </span>
     <span class='ocr_line' id='line_1_18' title="bbox 809 2760 3801 2866; baseline 0.004 -34"><span class='ocrx_word' id='word_1_153' title='bbox 809 2760 1017 2860; x_wconf 86' lang='lat' dir='ltr'><strong>pretii</strong></span> <span class='ocrx_word' id='word_1_154' title='bbox 1048 2763 1361 2862; x_wconf 88' lang='lat' dir='ltr'><strong>praedam</strong></span> <span class='ocrx_word' id='word_1_155' title='bbox 1378 2822 1398 2858; x_wconf 97' lang='lat'><strong>,</strong></span> <span class='ocrx_word' id='word_1_156' title='bbox 1439 2767 1902 2865; x_wconf 85' lang='lat' dir='ltr'><strong>arripuerint,</strong></span> <span class='ocrx_word' id='word_1_157' title='bbox 1942 2784 2015 2841; x_wconf 86' lang='lat' dir='ltr'><strong>et</strong></span> <span class='ocrx_word' id='word_1_158' title='bbox 2046 2770 2322 2865; x_wconf 90' lang='lat' dir='ltr'><strong>magnis</strong></span> <span class='ocrx_word' id='word_1_159' title='bbox 2352 2770 2696 2866; x_wconf 88' lang='lat' dir='ltr'><strong>impensis</strong></span> <span class='ocrx_word' id='word_1_160' title='bbox 2729 2768 3084 2841; x_wconf 87' lang='lat' dir='ltr'><strong>Lutetiam</strong></span> <span class='ocrx_word' id='word_1_161' title='bbox 3115 2770 3461 2841; x_wconf 88' lang='lat' dir='ltr'><strong>miserint.</strong></span> <span class='ocrx_word' id='word_1_162' title='bbox 3502 2766 3610 2841; x_wconf 91' lang='lat' dir='ltr'><strong>lbi</strong></span> <span class='ocrx_word' id='word_1_163' title='bbox 3646 2767 3801 2843; x_wconf 89' lang='lat' dir='ltr'><strong>dili-</strong></span> 
     </span>
     <span class='ocr_line' id='line_1_19' title="bbox 808 2884 3798 2982; baseline 0 -27"><span class='ocrx_word' id='word_1_164' title='bbox 808 2898 1055 2979; x_wconf 82' lang='lat' dir='ltr'><strong>genter</strong></span> <span class='ocrx_word' id='word_1_165' title='bbox 1084 2910 1313 2982; x_wconf 89' lang='lat' dir='ltr'><strong>usque</strong></span> <span class='ocrx_word' id='word_1_166' title='bbox 1342 2884 1435 2957; x_wconf 88' lang='lat' dir='ltr'><strong>ad</strong></span> <span class='ocrx_word' id='word_1_167' title='bbox 1470 2910 1745 2958; x_wconf 86' lang='lat' dir='ltr'><strong>annum</strong></span> <span class='ocrx_word' id='word_1_168' title='bbox 1772 2891 1963 2961; x_wconf 83' lang='grc'><strong>1815</strong></span> <span class='ocrx_word' id='word_1_169' title='bbox 1992 2904 2269 2962; x_wconf 86' lang='lat' dir='ltr'><strong>servata</strong></span> <span class='ocrx_word' id='word_1_170' title='bbox 2296 2889 2431 2959; x_wconf 86' lang='lat' dir='ltr'><strong>fuit</strong></span> <span class='ocrx_word' id='word_1_171' title='bbox 2450 2892 2471 2929; x_wconf 83' lang='lat'>⁸</span> <span class='ocrx_word' id='word_1_172' title='bbox 2490 2917 2508 2977; x_wconf 85' lang='lat'>3</span> <span class='ocrx_word' id='word_1_173' title='bbox 2549 2887 2716 2959; x_wconf 91' lang='lat' dir='ltr'><strong>dein</strong></span> <span class='ocrx_word' id='word_1_174' title='bbox 2749 2892 3081 2959; x_wconf 87' lang='lat' dir='ltr'><strong>Parmam</strong></span> <span class='ocrx_word' id='word_1_175' title='bbox 3115 2886 3337 2958; x_wconf 88' lang='lat' dir='ltr'><strong>relata</strong></span> <span class='ocrx_word' id='word_1_176' title='bbox 3367 2898 3438 2956; x_wconf 90' lang='lat' dir='ltr'><strong>et</strong></span> <span class='ocrx_word' id='word_1_177' title='bbox 3464 2884 3798 2956; x_wconf 84' lang='lat' dir='ltr'><strong>Famesio</strong></span> 
     </span>
     <span class='ocr_line' id='line_1_20' title="bbox 808 3004 1408 3101; baseline 0.002 -26"><span class='ocrx_word' id='word_1_178' title='bbox 808 3004 1073 3101; x_wconf 88' lang='lat' dir='ltr'><strong>palatio</strong></span> <span class='ocrx_word' id='word_1_179' title='bbox 1105 3004 1408 3077; x_wconf 89' lang='lat' dir='ltr'><strong>reddita.</strong></span> 
     </span>
    </p>
   </div>
   <div class='ocr_carea' id='block_1_4' title="bbox 804 3124 3798 3588">
    <p class='ocr_par' dir='ltr' id='par_1_8' title="bbox 804 3124 3798 3588">
     <span class='ocr_line' id='line_1_21' title="bbox 907 3124 3798 3223; baseline 0.001 -28"><span class='ocrx_word' id='word_1_180' title='bbox 907 3127 959 3218; x_wconf 73' lang='grc'>5</span> <span class='ocrx_word' id='word_1_181' title='bbox 992 3129 1208 3196; x_wconf 87' lang='lat' dir='ltr'><strong>XXV.</strong></span> <span class='ocrx_word' id='word_1_182' title='bbox 1245 3129 1403 3198; x_wconf 88' lang='lat' dir='ltr'><strong>Jam</strong></span> <span class='ocrx_word' id='word_1_183' title='bbox 1436 3141 1603 3201; x_wconf 88' lang='lat' dir='ltr'><strong>ante</strong></span> <span class='ocrx_word' id='word_1_184' title='bbox 1624 3150 1899 3201; x_wconf 88' lang='lat' dir='ltr'><strong>annum</strong></span> <span class='ocrx_word' id='word_1_185' title='bbox 1925 3131 2143 3223; x_wconf 88' lang='grc'><strong>1800,</strong></span> <span class='ocrx_word' id='word_1_186' title='bbox 2172 3133 2269 3201; x_wconf 75' lang='lat' dir='ltr'><strong>P‹</strong></span> <span class='ocrx_word' id='word_1_187' title='bbox 2252 3143 2425 3202; x_wconf 88' lang='lat' dir='ltr'><strong>trus</strong></span> <span class='ocrx_word' id='word_1_188' title='bbox 2447 3133 2695 3222; x_wconf 84' lang='lat' dir='ltr'><strong>Lama,</strong></span> <span class='ocrx_word' id='word_1_189' title='bbox 2739 3131 2988 3200; x_wconf 84' lang='lat' dir='ltr'><strong>Museo</strong></span> <span class='ocrx_word' id='word_1_190' title='bbox 3021 3126 3188 3199; x_wconf 86' lang='lat' dir='ltr'><strong>duc.</strong></span> <span class='ocrx_word' id='word_1_191' title='bbox 3223 3124 3587 3197; x_wconf 87' lang='lat' dir='ltr'><strong>Parmensi</strong></span> <span class='ocrx_word' id='word_1_192' title='bbox 3619 3149 3798 3222; x_wconf 84' lang='lat' dir='ltr'><strong>prae-</strong></span> 
     </span>
     <span class='ocr_line' id='line_1_22' title="bbox 808 3243 3798 3347; baseline 0.001 -34"><span class='ocrx_word' id='word_1_193' title='bbox 808 3243 1067 3336; x_wconf 81' lang='lat' dir='ltr'><strong>fectus,</strong></span> <span class='ocrx_word' id='word_1_194' title='bbox 1134 3245 1229 3316; x_wconf 88' lang='lat' dir='ltr'><strong>ad</strong></span> <span class='ocrx_word' id='word_1_195' title='bbox 1273 3244 1493 3318; x_wconf 84' lang='lat' dir='ltr'><strong>fidem</strong></span> <span class='ocrx_word' id='word_1_196' title='bbox 1542 3257 1745 3320; x_wconf 76' lang='lat' dir='ltr'><strong>&#39;aereae</strong></span> <span class='ocrx_word' id='word_1_197' title='bbox 1798 3248 2051 3320; x_wconf 85' lang='lat' dir='ltr'><strong>tabulae</strong></span> <span class='ocrx_word' id='word_1_198' title='bbox 2107 3249 2654 3347; x_wconf 85' lang='lat' dir='ltr'><strong>Inscriptionem</strong></span> <span class='ocrx_word' id='word_1_199' title='bbox 2702 3250 3208 3346; x_wconf 84' lang='lat' dir='ltr'><strong>exscripserat,</strong></span> <span class='ocrx_word' id='word_1_200' title='bbox 3259 3245 3457 3343; x_wconf 91' lang='lat' dir='ltr'><strong>quod</strong></span> <span class='ocrx_word' id='word_1_201' title='bbox 3502 3243 3798 3342; x_wconf 88' lang='lat' dir='ltr'><strong>quidem</strong></span> 
     </span>
     <span class='ocr_line' id='line_1_23' title="bbox 806 3364 3790 3469; baseline -0 -33"><span class='ocrx_word' id='word_1_202' title='bbox 806 3364 1167 3463; x_wconf 72' lang='lat' dir='ltr'><strong>exemplar</strong></span> <span class='ocrx_word' id='word_1_203' title='bbox 1209 3366 1361 3463; x_wconf 87' lang='lat' dir='ltr'><strong>ipse</strong></span> <span class='ocrx_word' id='word_1_204' title='bbox 1397 3367 1583 3460; x_wconf 78' lang='lat' dir='ltr'><strong>vidi,</strong></span> <span class='ocrx_word' id='word_1_205' title='bbox 1624 3366 2059 3440; x_wconf 90' lang='lat' dir='ltr'><strong>mendosum</strong></span> <span class='ocrx_word' id='word_1_206' title='bbox 2098 3393 2271 3442; x_wconf 87' lang='lat' dir='ltr'><strong>sane</strong></span> <span class='ocrx_word' id='word_1_207' title='bbox 2302 3383 2374 3442; x_wconf 89' lang='lat' dir='ltr'><strong>et</strong></span> <span class='ocrx_word' id='word_1_208' title='bbox 2418 3368 2510 3441; x_wconf 89' lang='lat' dir='ltr'><strong>ab</strong></span> <span class='ocrx_word' id='word_1_209' title='bbox 2551 3371 2704 3469; x_wconf 91' lang='lat' dir='ltr'><strong>ipsa</strong></span> <span class='ocrx_word' id='word_1_210' title='bbox 2747 3370 3098 3467; x_wconf 86' lang='lat' dir='ltr'><strong>scriptura</strong></span> <span class='ocrx_word' id='word_1_211' title='bbox 3128 3365 3338 3440; x_wconf 87' lang='lat' dir='ltr'><strong>valde</strong></span> <span class='ocrx_word' id='word_1_212' title='bbox 3369 3365 3733 3436; x_wconf 81' lang='lat' dir='ltr'><strong>diversum</strong></span> <span class='ocrx_word' id='word_1_213' title='bbox 3773 3391 3790 3434; x_wconf 90' lang='lat'>:</span> 
     </span>
     <span class='ocr_line' id='line_1_24' title="bbox 804 3479 3798 3588; baseline -0.002 -32"><span class='ocrx_word' id='word_1_214' title='bbox 804 3486 918 3581; x_wconf 88' lang='lat' dir='ltr'><strong>cuj</strong></span> <span class='ocrx_word' id='word_1_215' title='bbox 928 3486 1305 3582; x_wconf 85' lang='lat' dir='ltr'><strong>usquidem</strong></span> <span class='ocrx_word' id='word_1_216' title='bbox 1334 3511 1505 3560; x_wconf 79' lang='lat' dir='ltr'><strong>vera</strong></span> <span class='ocrx_word' id='word_1_217' title='bbox 1530 3489 1917 3588; x_wconf 84' lang='lat' dir='ltr'><strong>descriptio</strong></span> <span class='ocrx_word' id='word_1_218' title='bbox 1939 3513 2163 3587; x_wconf 86' lang='lat' dir='ltr'><strong>quam</strong></span> <span class='ocrx_word' id='word_1_219' title='bbox 2184 3489 2401 3585; x_wconf 86' lang='lat' dir='ltr'><strong>vulgo</strong></span> <span class='ocrx_word' id='word_1_220' title='bbox 2419 3487 2805 3588; x_wconf 80' lang='lat' dir='ltr'><strong>fac-simile</strong></span> <span class='ocrx_word' id='word_1_221' title='bbox 2829 3485 3162 3574; x_wconf 88' lang='lat' dir='ltr'><strong>dicimus,</strong></span> <span class='ocrx_word' id='word_1_222' title='bbox 3193 3484 3409 3555; x_wconf 89' lang='lat' dir='ltr'><strong>etiam</strong></span> <span class='ocrx_word' id='word_1_223' title='bbox 3445 3504 3640 3552; x_wconf 89' lang='lat' dir='ltr'><strong>nunc</strong></span> <span class='ocrx_word' id='word_1_224' title='bbox 3671 3479 3798 3550; x_wconf 89' lang='lat' dir='ltr'><strong>de·</strong></span> 
     </span>
    </p>
   </div>
   <div class='ocr_carea' id='block_1_5' title="bbox 801 3755 3799 5174">
    <p class='ocr_par' dir='ltr' id='par_1_9' title="bbox 804 3755 3799 4454">
     <span class='ocr_line' id='line_1_25' title="bbox 887 3755 3794 3844; baseline -0.001 -28"><span class='ocrx_word' id='word_1_225' title='bbox 887 3762 945 3817; x_wconf 87' lang='grc'><strong>1.</strong></span> <span class='ocrx_word' id='word_1_226' title='bbox 978 3759 1256 3818; x_wconf 79' lang='lat' dir='ltr'><strong>Pitarellii</strong></span> <span class='ocrx_word' id='word_1_227' title='bbox 1293 3761 1577 3822; x_wconf 85' lang='lat' dir='ltr'><strong>rationem</strong></span> <span class='ocrx_word' id='word_1_228' title='bbox 1608 3763 1708 3822; x_wconf 84' lang='lat' dir='ltr'><strong>ille</strong></span> <span class='ocrx_word' id='word_1_229' title='bbox 1736 3764 1902 3823; x_wconf 82' lang='lat' dir='ltr'><strong>facile</strong></span> <span class='ocrx_word' id='word_1_230' title='bbox 1934 3763 2045 3824; x_wconf 86' lang='lat' dir='ltr'><strong>sibi</strong></span> <span class='ocrx_word' id='word_1_231' title='bbox 2078 3763 2275 3822; x_wconf 88' lang='lat' dir='ltr'><strong>animo</strong></span> <span class='ocrx_word' id='word_1_232' title='bbox 2303 3763 2537 3844; x_wconf 83' lang='lat' dir='ltr'><strong>effinget</strong></span> <span class='ocrx_word' id='word_1_233' title='bbox 2555 3809 2570 3838; x_wconf 88' lang='lat'><strong><em>‚</em></strong></span> <span class='ocrx_word' id='word_1_234' title='bbox 2601 3761 2701 3840; x_wconf 90' lang='lat' dir='ltr'><strong>qui</strong></span> <span class='ocrx_word' id='word_1_235' title='bbox 2727 3761 2790 3820; x_wconf 90' lang='lat' dir='ltr'><strong>in</strong></span> <span class='ocrx_word' id='word_1_236' title='bbox 2815 3759 3094 3820; x_wconf 85' lang='lat' dir='ltr'><strong>Tabulam</strong></span> <span class='ocrx_word' id='word_1_237' title='bbox 3123 3777 3312 3818; x_wconf 90' lang='lat' dir='ltr'><strong>meam</strong></span> <span class='ocrx_word' id='word_1_238' title='bbox 3343 3755 3794 3838; x_wconf 85' lang='lat' dir='ltr'><strong>geographicam</strong></span> 
     </span>
     <span class='ocr_line' id='line_1_26' title="bbox 806 3856 3799 3943; baseline -0.001 -24"><span class='ocrx_word' id='word_1_239' title='bbox 806 3858 1119 3933; x_wconf 81' lang='lat' dir='ltr'><strong>conjecerit</strong></span> <span class='ocrx_word' id='word_1_240' title='bbox 1140 3859 1361 3932; x_wconf 87' lang='lat' dir='ltr'><strong>oculos,</strong></span> <span class='ocrx_word' id='word_1_241' title='bbox 1393 3883 1570 3940; x_wconf 85' lang='lat' dir='ltr'><strong>quam</strong></span> <span class='ocrx_word' id='word_1_242' title='bbox 1596 3864 1750 3924; x_wconf 87' lang='lat' dir='ltr'><strong>inter</strong></span> <span class='ocrx_word' id='word_1_243' title='bbox 1774 3865 1915 3925; x_wconf 84' lang='lat' dir='ltr'><strong>alias</strong></span> <span class='ocrx_word' id='word_1_244' title='bbox 1943 3865 2017 3925; x_wconf 86' lang='lat' dir='ltr'><strong>de</strong></span> <span class='ocrx_word' id='word_1_245' title='bbox 2050 3865 2287 3943; x_wconf 86' lang='lat' dir='ltr'><strong>antiqua</strong></span> <span class='ocrx_word' id='word_1_246' title='bbox 2312 3865 2508 3936; x_wconf 85' lang='lat' dir='ltr'><strong>Italia,</strong></span> <span class='ocrx_word' id='word_1_247' title='bbox 2543 3863 2692 3922; x_wconf 87' lang='lat' dir='ltr'><strong>duce</strong></span> <span class='ocrx_word' id='word_1_248' title='bbox 2717 3874 2776 3921; x_wconf 90' lang='lat' dir='ltr'><strong>et</strong></span> <span class='ocrx_word' id='word_1_249' title='bbox 2803 3861 3038 3940; x_wconf 85' lang='lat' dir='ltr'><strong>auspice</strong></span> <span class='ocrx_word' id='word_1_250' title='bbox 3066 3859 3397 3918; x_wconf 84' lang='lat' dir='ltr'><strong>doctissimo</strong></span> <span class='ocrx_word' id='word_1_251' title='bbox 3422 3856 3799 3916; x_wconf 80' lang='lat' dir='ltr'><strong>Walckenae·</strong></span> 
     </span>
     <span class='ocr_line' id='line_1_27' title="bbox 805 3958 3796 4047; baseline -0.002 -25"><span class='ocrx_word' id='word_1_252' title='bbox 805 3961 921 4034; x_wconf 83' lang='lat' dir='ltr'><strong>ric,</strong></span> <span class='ocrx_word' id='word_1_253' title='bbox 948 3963 1072 4042; x_wconf 88' lang='lat' dir='ltr'><strong>ipse</strong></span> <span class='ocrx_word' id='word_1_254' title='bbox 1098 3962 1397 4044; x_wconf 87' lang='lat' dir='ltr'><strong>descripsi.</strong></span> <span class='ocrx_word' id='word_1_255' title='bbox 1424 3969 1646 4046; x_wconf 85' lang='lat' dir='ltr'><strong>Nempe</strong></span> <span class='ocrx_word' id='word_1_256' title='bbox 1678 3985 1787 4047; x_wconf 85' lang='lat' dir='ltr'><strong>ego</strong></span> <span class='ocrx_word' id='word_1_257' title='bbox 1814 3969 1915 4045; x_wconf 89' lang='lat' dir='ltr'><strong>qui</strong></span> <span class='ocrx_word' id='word_1_258' title='bbox 1943 3980 2061 4030; x_wconf 85' lang='lat' dir='ltr'><strong>tam</strong></span> <span class='ocrx_word' id='word_1_259' title='bbox 2082 3967 2367 4046; x_wconf 83' lang='lat' dir='ltr'><strong>insignem</strong></span> <span class='ocrx_word' id='word_1_260' title='bbox 2386 3967 2582 4026; x_wconf 80' lang='lat' dir='ltr'><strong>virum</strong></span> <span class='ocrx_word' id='word_1_261' title='bbox 2604 3978 2834 4030; x_wconf 86' lang='lat' dir='ltr'><strong>secutus</strong></span> <span class='ocrx_word' id='word_1_262' title='bbox 2867 3984 3007 4022; x_wconf 84' lang='lat' dir='ltr'><strong>vera</strong></span> <span class='ocrx_word' id='word_1_263' title='bbox 3031 3981 3265 4040; x_wconf 86' lang='lat' dir='ltr'><strong>semper</strong></span> <span class='ocrx_word' id='word_1_264' title='bbox 3288 3959 3624 4039; x_wconf 86' lang='lat' dir='ltr'><strong>attigissem,</strong></span> <span class='ocrx_word' id='word_1_265' title='bbox 3649 3958 3796 4018; x_wconf 82' lang='lat' dir='ltr'><strong>inud</strong></span> 
     </span>
     <span class='ocr_line' id='line_1_28' title="bbox 805 4059 3798 4149; baseline -0.003 -26"><span class='ocrx_word' id='word_1_266' title='bbox 805 4066 1063 4144; x_wconf 79' lang='lat' dir='ltr'><strong>profiteri</strong></span> <span class='ocrx_word' id='word_1_267' title='bbox 1094 4085 1211 4124; x_wconf 89' lang='lat' dir='ltr'><strong>non</strong></span> <span class='ocrx_word' id='word_1_268' title='bbox 1239 4087 1450 4126; x_wconf 81' lang='lat' dir='ltr'><strong>vereor</strong></span> <span class='ocrx_word' id='word_1_269' title='bbox 1475 4089 1569 4128; x_wconf 90' lang='lat' dir='ltr'><strong>me</strong></span> <span class='ocrx_word' id='word_1_270' title='bbox 1596 4069 1658 4127; x_wconf 90' lang='lat' dir='ltr'><strong>in</strong></span> <span class='ocrx_word' id='word_1_271' title='bbox 1688 4069 1799 4128; x_wconf 88' lang='lat' dir='ltr'><strong>hoc</strong></span> <span class='ocrx_word' id='word_1_272' title='bbox 1827 4071 2067 4149; x_wconf 87' lang='lat' dir='ltr'><strong>proprio</strong></span> <span class='ocrx_word' id='word_1_273' title='bbox 2092 4067 2305 4127; x_wconf 78' lang='lat' dir='ltr'><strong>virium</strong></span> <span class='ocrx_word' id='word_1_274' title='bbox 2338 4087 2600 4127; x_wconf 88' lang='lat' dir='ltr'><strong>mearum</strong></span> <span class='ocrx_word' id='word_1_275' title='bbox 2630 4063 2891 4146; x_wconf 80' lang='lat' dir='ltr'><strong>periculo</strong></span> <span class='ocrx_word' id='word_1_276' title='bbox 2921 4062 3199 4121; x_wconf 87' lang='lat' dir='ltr'><strong>rationem</strong></span> <span class='ocrx_word' id='word_1_277' title='bbox 3237 4059 3433 4117; x_wconf 89' lang='lat' dir='ltr'><strong>iniisse</strong></span> <span class='ocrx_word' id='word_1_278' title='bbox 3460 4075 3634 4134; x_wconf 86' lang='lat' dir='ltr'><strong>quam</strong></span> <span class='ocrx_word' id='word_1_279' title='bbox 3673 4073 3798 4114; x_wconf 86' lang='lat' dir='ltr'><strong>esse</strong></span> 
     </span>
     <span class='ocr_line' id='line_1_29' title="bbox 804 4158 3797 4252; baseline -0.003 -28"><span class='ocrx_word' id='word_1_280' title='bbox 804 4168 1006 4226; x_wconf 78' lang='lat' dir='ltr'><strong>salsam</strong></span> <span class='ocrx_word' id='word_1_281' title='bbox 1046 4167 1223 4228; x_wconf 90' lang='lat' dir='ltr'><strong>hodie</strong></span> <span class='ocrx_word' id='word_1_282' title='bbox 1260 4182 1504 4229; x_wconf 88' lang='lat' dir='ltr'><strong>constat.</strong></span> <span class='ocrx_word' id='word_1_283' title='bbox 1544 4171 1633 4230; x_wconf 65' lang='lat' dir='ltr'><strong>(tf.</strong></span> <span class='ocrx_word' id='word_1_284' title='bbox 1674 4174 1890 4252; x_wconf 81' lang='lat' dir='ltr'><strong>Geogr.</strong></span> <span class='ocrx_word' id='word_1_285' title='bbox 1931 4192 2063 4231; x_wconf 86' lang='lat' dir='ltr'><strong>auc.</strong></span> <span class='ocrx_word' id='word_1_286' title='bbox 2101 4169 2240 4230; x_wconf 86' lang='lat' dir='ltr'><strong>hist.</strong></span> <span class='ocrx_word' id='word_1_287' title='bbox 2284 4184 2341 4229; x_wconf 88' lang='lat' dir='ltr'><strong>et</strong></span> <span class='ocrx_word' id='word_1_288' title='bbox 2385 4191 2579 4249; x_wconf 87' lang='lat' dir='ltr'><strong>comp.</strong></span> <span class='ocrx_word' id='word_1_289' title='bbox 2627 4169 2728 4228; x_wconf 88' lang='lat' dir='ltr'><strong>des</strong></span> <span class='ocrx_word' id='word_1_290' title='bbox 2763 4167 2979 4227; x_wconf 87' lang='lat' dir='ltr'><strong>Gaules</strong></span> <span class='ocrx_word' id='word_1_291' title='bbox 3016 4163 3214 4241; x_wconf 81' lang='lat' dir='ltr'><strong>cisalp.</strong></span> <span class='ocrx_word' id='word_1_292' title='bbox 3257 4174 3314 4220; x_wconf 87' lang='lat' dir='ltr'><strong>et</strong></span> <span class='ocrx_word' id='word_1_293' title='bbox 3352 4158 3630 4237; x_wconf 80' lang='lat' dir='ltr'><strong>transalp.</strong></span> <span class='ocrx_word' id='word_1_294' title='bbox 3673 4159 3797 4214; x_wconf 86' lang='lat' dir='ltr'><strong>Pa-</strong></span> 
     </span>
     <span class='ocr_line' id='line_1_30' title="bbox 804 4256 3796 4352; baseline -0.003 -27"><span class='ocrx_word' id='word_1_295' title='bbox 804 4275 906 4340; x_wconf 78' lang='lat' dir='ltr'><strong>ris,</strong></span> <span class='ocrx_word' id='word_1_296' title='bbox 929 4272 1111 4345; x_wconf 82' lang='lat'><strong>1839,</strong></span> <span class='ocrx_word' id='word_1_297' title='bbox 1144 4283 1186 4332; x_wconf 89' lang='lat' dir='ltr'><strong>t.</strong></span> <span class='ocrx_word' id='word_1_298' title='bbox 1220 4275 1301 4347; x_wconf 89' lang='grc' dir='ltr'><strong>Π,</strong></span> <span class='ocrx_word' id='word_1_299' title='bbox 1331 4286 1480 4352; x_wconf 86' lang='lat' dir='ltr'><strong>part.</strong></span> <span class='ocrx_word' id='word_1_300' title='bbox 1511 4273 1620 4343; x_wconf 88' lang='lat'><strong>111,</strong></span> <span class='ocrx_word' id='word_1_301' title='bbox 1656 4271 1752 4330; x_wconf 86' lang='lat' dir='ltr'><strong>ch.</strong></span> <span class='ocrx_word' id='word_1_302' title='bbox 1784 4293 1895 4348; x_wconf 78' lang='lat' dir='ltr'><strong>vn,</strong></span> <span class='ocrx_word' id='word_1_303' title='bbox 1917 4293 1975 4351; x_wconf 88' lang='lat' dir='ltr'><strong>p.</strong></span> <span class='ocrx_word' id='word_1_304' title='bbox 2011 4273 2128 4331; x_wconf 69' lang='lat'><strong>457</strong></span> <span class='ocrx_word' id='word_1_305' title='bbox 2157 4284 2216 4332; x_wconf 89' lang='lat' dir='ltr'><strong>et</strong></span> <span class='ocrx_word' id='word_1_306' title='bbox 2241 4271 2392 4331; x_wconf 80' lang='lat' dir='ltr'><strong>suiv.</strong></span> <span class='ocrx_word' id='word_1_307' title='bbox 2404 4316 2422 4344; x_wconf 91' lang='lat'>‚</span> <span class='ocrx_word' id='word_1_308' title='bbox 2452 4284 2511 4331; x_wconf 93' lang='lat' dir='ltr'><strong>et</strong></span> <span class='ocrx_word' id='word_1_309' title='bbox 2549 4274 2618 4332; x_wconf 88' lang='lat' dir='ltr'><strong>E.</strong></span> <span class='ocrx_word' id='word_1_310' title='bbox 2658 4265 3024 4343; x_wconf 83' lang='lat' dir='ltr'><strong>Desjardins,</strong></span> <span class='ocrx_word' id='word_1_311' title='bbox 3069 4263 3227 4323; x_wconf 83' lang='lat' dir='ltr'><strong>Atlas</strong></span> <span class='ocrx_word' id='word_1_312' title='bbox 3259 4258 3694 4342; x_wconf 77' lang='lat' dir='ltr'><strong>geographique</strong></span> <span class='ocrx_word' id='word_1_313' title='bbox 3721 4256 3796 4316; x_wconf 92' lang='lat' dir='ltr'><strong>de</strong></span> 
     </span>
     <span class='ocr_line' id='line_1_31' title="bbox 804 4369 2709 4454; baseline 0.003 -27"><span class='ocrx_word' id='word_1_314' title='bbox 804 4369 1010 4429; x_wconf 83' lang='lat' dir='ltr'><strong>l&#39;Italie</strong></span> <span class='ocrx_word' id='word_1_315' title='bbox 1038 4372 1350 4448; x_wconf 81' lang='lat' dir='ltr'><strong>ancienne,</strong></span> <span class='ocrx_word' id='word_1_316' title='bbox 1386 4373 1471 4454; x_wconf 88' lang='lat' dir='ltr'><strong>pl.</strong></span> <span class='ocrx_word' id='word_1_317' title='bbox 1510 4377 1632 4435; x_wconf 89' lang='lat' dir='ltr'><strong>vn.</strong></span> <span class='ocrx_word' id='word_1_318' title='bbox 1664 4375 1730 4436; x_wconf 87' lang='lat'><strong>1..</strong></span> <span class='ocrx_word' id='word_1_319' title='bbox 1768 4373 2051 4434; x_wconf 85' lang='lat' dir='ltr'><strong>Hachette</strong></span> <span class='ocrx_word' id='word_1_320' title='bbox 2080 4385 2139 4434; x_wconf 90' lang='lat' dir='ltr'><strong>et</strong></span> <span class='ocrx_word' id='word_1_321' title='bbox 2160 4371 2265 4434; x_wconf 51' lang='lat' dir='ltr'><strong>Cb.</strong></span> <span class='ocrx_word' id='word_1_322' title='bbox 2296 4377 2491 4446; x_wconf 75' lang='lat' dir='ltr'><strong>Pare&#39;s,</strong></span> <span class='ocrx_word' id='word_1_323' title='bbox 2528 4372 2709 4432; x_wconf 79' lang='lat'><strong>1852.</strong></span> 
     </span>
    </p>

    <p class='ocr_par' dir='ltr' id='par_1_10' title="bbox 884 4472 2712 4556">
     <span class='ocr_line' id='line_1_32' title="bbox 884 4472 2712 4556; baseline 0.003 -27"><span class='ocrx_word' id='word_1_324' title='bbox 884 4474 945 4534; x_wconf 82' lang='lat'><strong>2.</strong></span> <span class='ocrx_word' id='word_1_325' title='bbox 976 4475 1104 4532; x_wconf 83' lang='lat' dir='ltr'><strong>Von</strong></span> <span class='ocrx_word' id='word_1_326' title='bbox 1136 4473 1299 4533; x_wconf 89' lang='lat' dir='ltr'><strong>einer</strong></span> <span class='ocrx_word' id='word_1_327' title='bbox 1318 4475 1535 4534; x_wconf 84' lang='lat' dir='ltr'><strong>milden</strong></span> <span class='ocrx_word' id='word_1_328' title='bbox 1574 4475 1825 4556; x_wconf 82' lang='lat' dir='ltr'><strong>Stistung</strong></span> <span class='ocrx_word' id='word_1_329' title='bbox 1849 4472 2109 4551; x_wconf 83' lang='lat' dir='ltr'><strong>Trajans,</strong></span> <span class='ocrx_word' id='word_1_330' title='bbox 2140 4489 2251 4535; x_wconf 92' lang='lat' dir='ltr'><strong>etc.</strong></span> <span class='ocrx_word' id='word_1_331' title='bbox 2284 4479 2504 4548; x_wconf 67' lang='lat' dir='ltr'><strong>Ber-ol„</strong></span> <span class='ocrx_word' id='word_1_332' title='bbox 2531 4477 2712 4534; x_wconf 80' lang='grc'><strong>1808.</strong></span> 
     </span>
    </p>

    <p class='ocr_par' dir='ltr' id='par_1_11' title="bbox 806 4565 3793 4759">
     <span class='ocr_line' id='line_1_33' title="bbox 887 4565 3793 4658; baseline -0.005 -23"><span class='ocrx_word' id='word_1_333' title='bbox 887 4579 945 4638; x_wconf 87' lang='grc'><strong>3.</strong></span> <span class='ocrx_word' id='word_1_334' title='bbox 960 4575 1382 4658; x_wconf 82' lang='lat' dir='ltr'><strong>Heidelberger</strong></span> <span class='ocrx_word' id='word_1_335' title='bbox 1397 4577 1801 4640; x_wconf 82' lang='lat' dir='ltr'><strong>Jahrbiichern</strong></span> <span class='ocrx_word' id='word_1_336' title='bbox 1813 4579 2263 4652; x_wconf 77' lang='lat' dir='ltr'><strong>dei-Litteratur,</strong></span> <span class='ocrx_word' id='word_1_337' title='bbox 2283 4583 2314 4637; x_wconf 83' lang='lat' dir='ltr'>J</span> <span class='ocrx_word' id='word_1_338' title='bbox 2323 4577 2704 4657; x_wconf 83' lang='lat' dir='ltr'><strong>urisprudenz</strong></span> <span class='ocrx_word' id='word_1_339' title='bbox 2725 4574 2846 4636; x_wconf 88' lang='lat' dir='ltr'><strong>und</strong></span> <span class='ocrx_word' id='word_1_340' title='bbox 2866 4567 3534 4634; x_wconf 78' lang='lat' dir='ltr'><strong>Staatswissenschasten.</strong></span> <span class='ocrx_word' id='word_1_341' title='bbox 3558 4565 3762 4642; x_wconf 75' lang='lat' dir='ltr'><strong>Jahrg.</strong></span> <span class='ocrx_word' id='word_1_342' title='bbox 3775 4608 3793 4638; x_wconf 89' lang='lat'><strong>,</strong></span> 
     </span>
     <span class='ocr_line' id='line_1_34' title="bbox 806 4680 1413 4759; baseline 0.015 -24"><span class='ocrx_word' id='word_1_343' title='bbox 806 4680 987 4752; x_wconf 87' lang='grc'><strong>1809,</strong></span> <span class='ocrx_word' id='word_1_344' title='bbox 1022 4700 1083 4759; x_wconf 91' lang='lat' dir='ltr'><strong>p.</strong></span> <span class='ocrx_word' id='word_1_345' title='bbox 1114 4682 1413 4744; x_wconf 68' lang='lat'><strong>254-261.</strong></span> 
     </span>
    </p>

    <p class='ocr_par' dir='ltr' id='par_1_12' title="bbox 804 4765 3797 4962">
     <span class='ocr_line' id='line_1_35' title="bbox 886 4765 3797 4861; baseline -0.004 -23"><span class='ocrx_word' id='word_1_346' title='bbox 886 4783 947 4838; x_wconf 75' lang='grc'><strong>4.</strong></span> <span class='ocrx_word' id='word_1_347' title='bbox 979 4782 1235 4855; x_wconf 77' lang='lat' dir='ltr'><strong>Quaestio</strong></span> <span class='ocrx_word' id='word_1_348' title='bbox 1274 4781 1596 4861; x_wconf 87' lang='lat' dir='ltr'><strong>antiquaria</strong></span> <span class='ocrx_word' id='word_1_349' title='bbox 1638 4781 1716 4843; x_wconf 88' lang='lat' dir='ltr'><strong>de</strong></span> <span class='ocrx_word' id='word_1_350' title='bbox 1756 4782 1958 4842; x_wconf 84' lang='lat' dir='ltr'><strong>Pueris</strong></span> <span class='ocrx_word' id='word_1_351' title='bbox 1995 4796 2054 4843; x_wconf 90' lang='lat' dir='ltr'><strong>et</strong></span> <span class='ocrx_word' id='word_1_352' title='bbox 2092 4783 2312 4843; x_wconf 79' lang='lat' dir='ltr'><strong>Puellis</strong></span> <span class='ocrx_word' id='word_1_353' title='bbox 2352 4781 2749 4842; x_wconf 87' lang='lat' dir='ltr'><strong>alimentariis.</strong></span> <span class='ocrx_word' id='word_1_354' title='bbox 2785 4779 2979 4838; x_wconf 87' lang='lat' dir='ltr'><strong>Edidit</strong></span> <span class='ocrx_word' id='word_1_355' title='bbox 3013 4781 3093 4836; x_wconf 87' lang='lat' dir='ltr'><strong>M.</strong></span> <span class='ocrx_word' id='word_1_356' title='bbox 3126 4765 3483 4836; x_wconf 78' lang='lat' dir='ltr'><strong>Christianus</strong></span> <span class='ocrx_word' id='word_1_357' title='bbox 3514 4767 3797 4828; x_wconf 78' lang='lat' dir='ltr'><strong>Henricus</strong></span> 
     </span>
     <span class='ocr_line' id='line_1_36' title="bbox 804 4883 2876 4962; baseline 0.001 -22"><span class='ocrx_word' id='word_1_358' title='bbox 804 4883 1053 4957; x_wconf 84' lang='lat' dir='ltr'><strong>Paufler,</strong></span> <span class='ocrx_word' id='word_1_359' title='bbox 1084 4883 1307 4944; x_wconf 83' lang='lat' dir='ltr'><strong>Scholae</strong></span> <span class='ocrx_word' id='word_1_360' title='bbox 1334 4884 1411 4944; x_wconf 86' lang='lat' dir='ltr'><strong>ad</strong></span> <span class='ocrx_word' id='word_1_361' title='bbox 1436 4885 1616 4946; x_wconf 86' lang='lat' dir='ltr'><strong>aedem</strong></span> <span class='ocrx_word' id='word_1_362' title='bbox 1646 4889 1704 4945; x_wconf 94' lang='lat' dir='ltr'><strong>S.</strong></span> <span class='ocrx_word' id='word_1_363' title='bbox 1736 4886 1933 4946; x_wconf 86' lang='lat' dir='ltr'><strong>Crucis</strong></span> <span class='ocrx_word' id='word_1_364' title='bbox 1964 4889 2201 4946; x_wconf 83' lang='lat' dir='ltr'><strong>Rector.</strong></span> <span class='ocrx_word' id='word_1_365' title='bbox 2231 4889 2497 4962; x_wconf 74' lang='lat' dir='ltr'><strong>Dmsdoe,</strong></span> <span class='ocrx_word' id='word_1_366' title='bbox 2527 4903 2876 4943; x_wconf 73' lang='lat' dir='ltr'><strong>ameccvuu.</strong></span> 
     </span>
    </p>

    <p class='ocr_par' dir='ltr' id='par_1_13' title="bbox 801 4971 3793 5174">
     <span class='ocr_line' id='line_1_37' title="bbox 883 4971 3793 5070; baseline -0.003 -26"><span class='ocrx_word' id='word_1_367' title='bbox 883 4989 941 5044; x_wconf 72' lang='lat'><strong>5.</strong></span> <span class='ocrx_word' id='word_1_368' title='bbox 972 4987 1326 5046; x_wconf 85' lang='lat' dir='ltr'><strong>Mentionem</strong></span> <span class='ocrx_word' id='word_1_369' title='bbox 1350 4987 1523 5064; x_wconf 88' lang='lat' dir='ltr'><strong>hujus</strong></span> <span class='ocrx_word' id='word_1_370' title='bbox 1546 4971 1855 5070; x_wconf 83' lang='lat' dir='ltr'><strong>singularis</strong></span> <span class='ocrx_word' id='word_1_371' title='bbox 1883 4989 2245 5049; x_wconf 88' lang='lat' dir='ltr'><strong>monumenti</strong></span> <span class='ocrx_word' id='word_1_372' title='bbox 2272 4990 2533 5049; x_wconf 80' lang='lat' dir='ltr'><strong>Millinus</strong></span> <span class='ocrx_word' id='word_1_373' title='bbox 2556 4987 2722 5061; x_wconf 79' lang='lat' dir='ltr'><strong>fecit,</strong></span> <span class='ocrx_word' id='word_1_374' title='bbox 2749 4989 2986 5066; x_wconf 79' lang='lat' dir='ltr'><strong>Voyage</strong></span> <span class='ocrx_word' id='word_1_375' title='bbox 3014 5003 3088 5044; x_wconf 85' lang='lat' dir='ltr'><strong>en</strong></span> <span class='ocrx_word' id='word_1_376' title='bbox 3115 4981 3413 5051; x_wconf 76' lang='lat' dir='ltr'><strong>Piemont,</strong></span> <span class='ocrx_word' id='word_1_377' title='bbox 3445 4981 3478 5036; x_wconf 68' lang='lat' dir='ltr'><strong>a</strong></span> <span class='ocrx_word' id='word_1_378' title='bbox 3505 4975 3646 5035; x_wconf 80' lang='lat' dir='ltr'><strong>Nice</strong></span> <span class='ocrx_word' id='word_1_379' title='bbox 3673 4987 3731 5033; x_wconf 92' lang='lat' dir='ltr'><strong>et</strong></span> <span class='ocrx_word' id='word_1_380' title='bbox 3761 4977 3793 5034; x_wconf 71' lang='grc' dir='ltr'>δ</span> 
     </span>
     <span class='ocr_line' id='line_1_38' title="bbox 801 5087 2353 5174; baseline 0.005 -29"><span class='ocrx_word' id='word_1_381' title='bbox 801 5087 1021 5161; x_wconf 74' lang='lat' dir='ltr'><strong>Genes,</strong></span> <span class='ocrx_word' id='word_1_382' title='bbox 1051 5089 1241 5164; x_wconf 79' lang='lat' dir='ltr'><strong>Paris,</strong></span> <span class='ocrx_word' id='word_1_383' title='bbox 1265 5093 1448 5167; x_wconf 81' lang='lat'><strong>1816,</strong></span> <span class='ocrx_word' id='word_1_384' title='bbox 1484 5103 1526 5153; x_wconf 85' lang='lat' dir='ltr'><strong>t.</strong></span> <span class='ocrx_word' id='word_1_385' title='bbox 1557 5096 1621 5166; x_wconf 83' lang='lat'><strong>13</strong></span> <span class='ocrx_word' id='word_1_386' title='bbox 1650 5091 1789 5154; x_wconf 84' lang='lat' dir='ltr'><strong>vide</strong></span> <span class='ocrx_word' id='word_1_387' title='bbox 1816 5105 2013 5154; x_wconf 85' lang='lat' dir='ltr'><strong>notam</strong></span> <span class='ocrx_word' id='word_1_388' title='bbox 2040 5113 2177 5174; x_wconf 85' lang='lat' dir='ltr'><strong>pag.</strong></span> <span class='ocrx_word' id='word_1_389' title='bbox 2214 5096 2353 5152; x_wconf 92' lang='grc'><strong>109.</strong></span> 
     </span>
    </p>
   </div>
  </div>
 </body>
</html>
