5080 6254
2158 625 2551 706 ...23-

861 807 1018 858 rum
1051 787 1318 860 civium
1351 791 1426 860 in
1473 789 1722 862 italicis
1751 787 2171 862 civitatibus·
2189 789 2474 860 miseria
2513 787 2892 858 levaretur.
2946 792 3121 874 Quae
3166 789 3382 886 igitur
3426 789 3637 860 fuerit
3688 789 3843 886 ejus

862 905 1323 980 institutionis
1355 911 1540 982 ratio
1573 910 1966 983 videamus,

958 1030 1010 1120 S
1042 1033 1157 1100 111.
1196 1035 1278 1100 In
1301 1030 1604 1104 diversis
1628 1031 1840 1102 Italioe
1865 1030 2266 1104 civitatibus
2294 1055 2630 1126 magnam
2660 1032 3081 1129 pecuniam,
3110 1054 3253 1125 qua
3276 1045 3847 1103 sustentarentur

859 1173 1236 1248 pauperes,
1274 1152 1588 1248 praestari
1623 1150 1926 1247 jubebat
1959 1156 2386 1250 Imperator.
2442 1157 2767 1248 Namque
2814 1151 3115 1222 minime
3148 1166 3253 1224 est
3283 1149 3501 1222 hodie
3537 1152 3843 1224 dubium

861 1267 1036 1362 quin
1079 1268 1342 1340 fuerint
1383 1268 1478 1340 ab
1510 1273 1945 1367 Imperatore
1989 1268 2382 1340 distributae
2427 1268 2753 1367 peouniae
2794 1266 2929 1340 illae
2966 1292 3125 1364 quae
3172 1265 3571 1338 in‘Tabulis
3614 1267 3845 1339 decla-

861 1401 1148 1478 rantur3
1191 1403 1508 1460 ceterum
1543 1413 1628 1460 ex
1670 1388 1914 1462 multis
1948 1387 2102 1460 aliis
2135 1389 2624 1460 monument-is
2646 1444 2665 1480 ,
2708 1386 3085 1484 quomodo
3119 1412 3196 1458 se
3227 1411 3349 1458 res
3373 1411 3542 1458 vere
3571 1386 3843 1460 habue-

865 1508 990 1598 rit,
1029 1507 1110 1580 fit
1139 1508 1594 1581 manifestum
1623 1517 1666 1578 ¹.
1723 1569 1734 1578 ,

959 1630 1012 1719 S
1049 1631 1166 1699 IV.
1219 1630 1692 1727 Ista-pecunia
1724 1628 1823 1703 ab
1857 1633 2299 1727 Imperatore
2327 1627 2494 1700 data
2523 1653 2686 1700 sors
2706 1627 3095 1723 erat‚cuju·s
3127 1628 3567 1726 pauperibus
3595 1629 3853 1700 condi-⁸

865 1747 1078 1820 tionis
1127 1748 1452 1844 ingenuae
1498 1752 1740 1849 pueris
1785 1766 1858 1822 et
1913 1752 2286 1847 utriusque
2333 1775 2545 1822 sexus
2592 1749 2746 1822 sola
2786 1764 3236 1822 esset-’usura
3284 1748 3709 1842 dividenda3
3768 1765 3849 1822 ut

763 1955 774 1965 ⁸
861 1881 1100 1941 autem
1133 1885 1522 1968 perpetuus
1559 1871 1676 1944 ille
1705 1872 1980 1944 reditus
2013 1873 2086 1944 in
2113 1887 2274 1943 tuto
2311 1871 2517 1942 fieret
2539 1927 2559 1962 ‚
2596 1871 2787 1942 hanc
2824 1885 3093 1942 sortem
3124 1869 3389 1941 fundos
3422 1869 3859 1966 possidenti--

860 1985 996 2059 bus
1031 1989 1106 2058 in
1136 1991 1544 2090 municipiis
1575 1991 2022 2090 coloniisque
2057 1997 2456 2091 Imperator
2491 1990 3031 2090 suppeditabat,
3074 2005 3183 2082 et,
3216 2015 3445 2087 quum
3480 1991 3855 2064 mediocre·

859 2123 1039 2180 esset
1069 2108 1274 2181 senus
1305 2109 1478 2186 huic
1507 2111 1910 2204 addictam,
1955 2113 2256 2185 aderant
2301 2113 2565 2185 fundos
2599 2112 3051 2210 possidentes
3096 2137 3247 2182 non
3284 2111 3497 2209 pauci
3528 2110 3622 2184 ad
3658 2137 3845 2210 quos

859 2239 931 2298 et
963 2228 1157 2326 ipsos
1189 2229 1456 2326 aliquid
1495 2233 1973 2330 imperatoriae
2012 2232 2450 2304 liberalitatis
2483 2232 2919 2330 perveniret.
2965 2234 3165 2329 Saepe
3208 2255 3369 2302 eam
3408 2245 3677 2302 sortem
3707 2231 3845 2304 illis

859 2349 1382 2446 suppeditatam
1439 2351 1651 2426 fuisse
1697 2354 2010 2426 arbitror
2055 2353 2250 2426 unde
2305 2353 2570 2424 fundos
2628 2367 3037 2424 exercerent
3058 2391 3087 2443 ,·
3138 2375 3351 2422 usura
3396 2353 3840 2447 quincunce,

857 2495 1016 2567 quae
1039 2471 1520 2546 modicissima
1541 2477 1866 2576 quidem,
1897 2479 2145 2549 sicum
2173 2478 2308 2548 ista
2331 2477 2720 2548 centesima
2746 2489 3230 2573 comparetur,
3258 2497 3419 2571 quae
3442 2497 3529 2544 ex
3561 2489 3845 2548 mutua·

859 2591 1180 2664 tionibus
1213 2594 1328 2666 vel
1374 2597 1448 2666 in
1485 2597 2100 2694 negotiationibus
2134 2623 2218 2672 ac
2255 2598 2731 2670 mercimonio
2768 2594 3005 2692 colligi
3037 2596 3327 2668 soleret.
3365 2595 3591 2690 Hujus
3636 2596 3849 2691 igitur

861 2737 1090 2786 usurae
1115 2717 1398 2788 nummi
1411 2718 1608 2790 inter
1629 2741 1984 2818 pauperes
2010 2743 2278 2817 pueros
2299 2715 2835 2792 dividebantur.
2868 2717 2985 2788 Sic
3011 2739 3137 2788 sua
3166 2716 3583 2814 Imperatori
3616 2716 3845 2786 muni-

862 2833 1141 2906 ficentia
1166 2836 1358 2908 salva
1382 2853 1452 2910 et
1483 2853 1842 2936 superstes
1871 2853 2054 2927 erat,
2087 2863 2460 2936 quumque
2489 2836 2937 2935 possidentes
2962 2837 3364 2932 adJuvaret,
3397 2833 3847 2931 agriculturae

860 2955 1368 3053 opitulabatur,
1405 2971 1480 3028 et
1509 2957 1818 3056 publicis
1843 2960 2152 3031 miseriis
2181 2959 2683 3030 subveniebat.

956 3080 1008 3169 S
1041 3081 1127 3149 V.
1184 3081 1352 3166 Quo
1389 3091 1630 3151 autem
1674 3079 1751 3151 id
1802 3077 2004 3152 fieret
2036 3077 2261 3151 modo
2305 3101 2543 3177 operae
2590 3079 2899 3176 pretium
2942 3089 3047 3149 est
3098 3099 3459 3174 exponere
3498 3103 3516 3147 τ
3556 3100 3724 3148 nam
3770 3093 3849 3150 ut

859 3213 1095 3294 pateat
1141 3224 1298 3297 quae
1343 3201 1434 3295 sit
1475 3200 1859 3293 institutio,
1902 3200 2218 3299 primum
2258 3224 2406 3297 quo
2446 3199 2801 3296 pertineat
2838 3212 2947 3269 est
2990 3196 3599 3291 cognoscendum.
3658 3202 3847 3271 Num

857 3318 972 3407 id,
1047 3335 1130 3391 ut
1194 3321 1268 3391 in
1335 3321 1586 3419 primis
1643 3322 2054 3420 reipublicae
2115 3342 2434 3393 romanae
2497 3318 2985 3417 temporibus,
3050 3316 3402 3389 efficiebat
3464 3316 3847 3390 liberalitas

861 3456 939 3513 ut
996 3466 1189 3513 nova
1249 3441 1547 3514 miseriae
1610 3463 1824 3514 causa
1887 3441 2260 3513 accederet
2328 3455 2400 3511 et
2449 3438 2873 3511 hominibus
2930 3438 3039 3508 vis
3082 3437 3315 3509 animi
3370 3438 3840 3533 frangeretur,

859 3560 1036 3633 dum
1093 3561 1306 3633 otiosi
1368 3563 1572 3657 quasi
1639 3540 1850 3639 suum
1919 3560 2213 3656 vectigal
2282 3574 2775 3658 exspectarent
2846 3582 2931 3630 ac
2992 3572 3193 3629 certo
3257 3571 3584 3656 tempore
3660 3559 3844 3629 acci·

859 3682 1158 3780 perent'?
1215 3687 1448 3753 Immo
1494 3659 1866 3755 liberalem
1926 3682 2122 3753 hunc
2175 3680 2490 3753 reditum
2537 3706 2691 3752 non
2742 3680 2843 3750 ad
2889 3680 3187 3776 juvenes
3238 3678 3524 3750 adultos
3574 3680 3702 3752 sed
3752 3679 3845 3752 ad

865 3832 900 3871 κ
920 3827 1184 3902 pueros
1205 3833 1238 3869 >³
1270 3804 1654 3902 pertinere,
1683 3818 1756 3874 et
1785 3801 2141 3875 modicam
2175 3800 2467 3898 singulis
2493 3799 2649 3871 dari
2682 3801 3089 3897 pecuniam,
3128 3822 3287 3895 quae
3317 3800 3613 3869 familias
3646 3801 3845 3896 inge-

861 3950 1040 3997 nuas
1071 3926 1471 4022 adjuvaret,
1515 3950 1665 4000 non
1705 3940 1946 3997 autem
1989 3921 2330 3993 omnibus
2362 3946 2519 4018 quae
2561 3920 2655 3992 ad
2680 3921 2907 3990 vitam
2941 3918 3131 3990 bene
3158 3920 3561 4013 degendam
3594 3944 3845 3991 neces-

858 4048 1040 4119 saria
1089 4064 1259 4118 sunt
1311 4048 1728 4138 instrueret,
1781 4044 2184 4116 notandum
2227 4058 2355 4115 est.
2407 4040 3085 4113 Menstrua-scilicet
3135 4040 3453 4111 sestertia
3485 4039 3843 4111 sexdecim

858 4167 1116 4263 singuli
1168 4169 1416 4266 pueri,
1455 4166 1764 4262 ’singulae
1806 4180 2044 4237 autem
2078 4162 2332 4261 puellae
2364 4161 2753 4234 duodecim
2787 4160 3260 4259 accipiebant.
3296 4163 3452 4231 Jam
3488 4158 3847 4257 ejusmodi

856 4284 1277 4357 liberalitate
1321 4284 1644 4356 moribus
1676 4284 2212 4373 consulebatur,
2263 4284 2533 4382 quippe
2578 4306 2739 4380 quae
2780 4280 3048 4359 nothos
3079 4307 3232 4354 non
3274 4282 3578 4353 omnino
3622 4306 3847 4381 repu-

861 4404 1106 4495 dians»,
1147 4407 1244 4476 ita
1271 4404 1602 4500 legitimis
1627 4418 2069 4476 succurreret
2103 4419 2183 4475 ut
2215 4418 2516 4501 propter
2554 4427 2677 4475 eos
2712 4403 3035 4473 instituta
3068 4426 3219 4475 esse
3255 4400 3642 4472 videretur.
3683 4403 3845 4471 Ete-

861 4630 964 4689 δων
987 4633 1186 4713 τροφὴν
1214 4632 1388 4694 πολλὰ
1413 4634 1758 4715 χαρίσασθαι,
1787 4634 1878 4695 καὶ
1911 4634 2124 4704 τούτους
2161 4638 2463 4715 εὐεργετῶν.
2501 4660 2524 4685 n
2558 4633 2694 4707 Dio,
2725 4634 2999 4703 LXVIII,
3038 4636 3094 4694 5.
3124 4664 3203 4677 -
3225 4632 3309 4691 Cf.
3343 4631 3490 4689 Plin.
3522 4614 3879 4710 Panegyr.‚⁴

860 4755 914 4796 c.
941 4755 1082 4810 xxv,
1112 4756 1256 4793 xxm
1281 4749 1340 4795 et
1364 4758 1549 4796 xxm.
2942 4744 2949 4753 “

941 4840 968 4893 1
986 4882 1000 4895 .
1035 4838 1384 4897 Henzenius.
1419 4842 1534 4919 Op.
1559 4860 1734 4919 supra
1764 4843 1963 4921 script.
1993 4839 2040 4921 S
2061 4862 2140 4914 11,
2170 4839 2609 4919 inscriptionem
2636 4839 2806 4899 affert
2833 4840 2894 4898 in
2926 4856 3043 4916 qua
3064 4836 3189 4894 haec
3215 4833 3497 4895 vocabula
3529 4835 3839 4915 leguntur:

861 4944 1118 5007 QVAEST
1153 4968 1166 4983 ·
1201 4948 1362 5000 ΛΜΗ
1397 4968 1410 4983 ·
1444 4948 1634 5005 GAES.
1665 4944 1854 5003 Aliam
1877 4956 2068 5004 autem
2097 4944 2358 5024 protulit,
2383 4944 2587 5003 eodem
2612 4940 2707 5023 δ”,
2726 4940 2787 5001 iu
2812 4960 2931 5019 qua
2950 4941 3075 4999 haec
3098 4924 3231 4999 sunt
3258 4940 3557 5011 :Quaestor
3572 4944 3693 4997 sAc
3726 4966 3743 4981 ·
3776 4944 3845 5003 P.

859 5044 1043 5099 ALut.
