5080 6254
2158 690 2554 764 ...44-

870 824 1139 925 {aecum
1186 855 1380 926 enim
1432 878 1517 927 ex
1554 856 1788 927 Ennio
1829 857 2103 927 Nonius
2144 854 2517 928 Marcellus
2555 854 2756 928 affert
2803 856 2876 927 in
2919 880 3069 950 quo
3117 880 3364 929 sensus
3409 856 3528 929 ille
3563 855 3843 954 signifi-

791 1069 802 1079 ·
866 990 1093 1067 catur,
1116 998 1647 1072 —quanquam
1688 976 1885 1073 apud
1920 976 2232 1047 Ennium
2268 1000 2417 1047 non
2450 973 2710 1047 debelis
2747 974 2874 1047 sed
2910 972 3134 1045 debilo
3175 978 3522 1073 scriptum
3555 990 3846 1069 erat,—

866 1108 939 1165 et
963 1092 1113 1165 haec
1130 1093 1425 1191 quidem
1450 1094 1940 1192 interpretatio
1960 1095 2359 1167 Forcellinii
2384 1094 2712 1193 opinioni
2731 1095 3032 1191 propius
3059 1094 3368 1186 accedit3
3389 1119 3522 1191 ego
3541 1122 3716 1168 vero
3736 1098 3846 1167 in-

870 1213 1179 1310 telligere
1212 1239 1362 1285 non
1398 1239 1689 1312 possum
1716 1240 1877 1313 quae
1900 1216 2242 1313 obligatio
2262 1216 2356 1288 de
2390 1241 2566 1311 agro
2591 1213 2986 1287 admodum
3015 1214 3288 1286 inculto
3319 1215 3470 1287 fieri
3502 1217 3838 1314 potuerit.

968 1338 1019 1428 S
1064 1340 1213 1405 Xll.
1272 1340 1346 1405 ln
1396 1337 1727 1433 pactione
1775 1338 2111 1409 vicesima
2158 1336 2472 1409 secunda
2498 1390 2517 1424 ,
2574 1360 2740 1408 cum
2781 1339 2864 1405 C.
2925 1336 3311 1407 Volumnio
3353 1336 3846 1434 Epaphrodito

870 1453 1077 1541 facta,
1115 1453 1447 1551 leguntur
1472 1484 1507 1523 «
1540 1456 1705 1529 loco
1734 1457 1975 1552 agi-ina
2004 1460 2049 1548 ¹,
2077 1484 2111 1523 »ι
2146 1456 2217 1526 id
2244 1470 2350 1527 est
2376 1452 2644 1551 agellus
2673 1452 3072 1526 secundum
3099 1458 3415 1527 Lamam.

970 1576 1019 1665 5
1052 1562 1233 1644 Xll‘l.
1263 1579 1340 1645 ln
1366 1575 1699 1648 vicesima
1730 1590 1979 1648 octava
2011 1576 2370 1674 pactione,
2407 1598 2576 1645 cum
2597 1576 2731 1644 Cn.
2759 1574 3070 1644 Antonio
3097 1575 3337 1647 Prisco
3369 1575 3616 1669 facta',
3645 1600 3844 1649 com·

874 1692 1187 1790 perimus
1202 1717 1371 1764 eum
1386 1692 1804 1789 obligavisse
1823 1694 2125 1767 fundum
2142 1693 2696 1765 Vol-minianum
2716 1690 3000 1763 Precele
3023 1723 3056 1757 «
3079 1716 3247 1763 cum
3268 1693 3430 1788 jure
3447 1695 3847 1792 Appennini

878 1809 1202 1883 Areliasci
1236 1826 1309 1883 et
1340 1812 1752 1885 Candalasci
1792 1828 1861 1884 et
1890 1810 2586 1883 communionibus..
2607 1864 2654 1882 ..
2699 1838 2736 1877 »2
2777 1815 2882 1881 De
2915 1834 3008 1880 eo
3030 1810 3192 1906 jure
3225 1835 3314 1882 en
3353 1811 3552 1883 adest
3580 1816 3851 1885 Lamae⁸

872 1926 1277 2026 explanatio
1320 1956 1337 1999 ε
1396 1960 1433 1997 α
1493 1935 1765 2018 Questo
1817 1930 2059 2001 diritto
2113 1930 2237 2027 poi
2287 1926 2327 1999 ὲ
2382 1930 2604 2001 attivo
2650 1952 2779 2025 per
2819 1929 2869 2000 li
2915 1928 3222 2027 padroni
3269 1929 3457 2001 delle
3503 1931 3844 2023 mandre,

880 2076 915 2113 α
944 2070 1152 2119 come
1182 2051 1465 2147 passivo
1500 2076 1627 2148 per
1656 2050 1707 2121 li
1744 2050 2191 2148 proprietarii
2226 2050 2301 2120 di
2336 2048 2562 2138 sondi,
2592 2049 2697 2119 su’
2721 2048 2914 2146 quali
2951 2049 3244 2120 devono
3285 2064 3534 2146 queste
3567 2074 3850 2147 passare

878 2194 915 2231 «
940 2164 1051 2235 ne’
1096 2169 1319 2265 tempi
1364 2168 1652 2241 stabiliti
1704 2194 1831 2267 per
1877 2169 2145 2241 andare
2178 2192 2221 2240 a
2253 2168 2415 2265 que'
2460 2167 2777 2263 pascoli3
2823 2196 2858 2233 ³>
2884 2190 3046 2263 quae
3077 2168 3372 2263 quidem
3411 2171 3660 2267 opinio
3697 2196 3848 2243 non

872 2299 1064 2357 certa
1099 2288 1274 2359 mihi
1313 2288 1628 2381 videtur3
1692 2290 1888 2362 credi
1940 2305 2182 2361 autem
2238 2301 2469 2386 potest
2524 2285 2626 2357 ibi
2679 2284 2770 2357 de
2819 2284 3143 2383 lignandi
3163 2286 3340 2383 jure
3373 2288 3486 2381 agi
3517 2288 3564 2357 ⁸.
3617 2286 3851 2373 Quid-

874 2405 1052 2501 quid
1108 2406 1179 2477 id
1213 2421 1355 2496 est,
1407 2407 1577 2480 huic
1619 2410 1765 2505 juri
1809 2409 2124 2507 aliquid,
2184 2422 2260 2479 ut
2304 2408 2441 2504 ipsi
2493 2404 2751 2496 fund0,
2806 2406 3116 2502 pretium
3175 2405 3446 2495 inerat,
3508 2408 3850 2501 quoniam

874 2526 1009 2595 Cn.
1046 2528 1355 2597 Antonio
1388 2528 1627 2599 Prisco
1672 2529 1848 2601 illud
1882 2528 2141 2601 licebat
2174 2527 2517 2623 obligare.

975 2646 1025 2735 S
1056 2648 1237 2716 XIV.
1288 2647 1669 2742 Trigesima
1716 2650 1949 2744 prima
1998 2648 2237 2747 pactio
2280 2670 2447 2717 cum
2489 2644 2822 2715 Cornelia
2863 2646 3123 2716 Severa
3163 2668 3205 2715 a
3252 2644 3587 2715 Cornelio
3633 2644 3852 2716 Galli·

875 2785 1060 2833 cano
1104 2763 1283 2835 sacta
1332 2769 1509 2836 est‘.
1576 2770 1821 2863 ltaque
1868 2768 2110 2861 magni
2177 2780 2283 2837 est
2352 2763 2706 2834 momenti
2752 2788 2980 2860 quum
3027 2778 3103 2829 Rs
3155 2768 3184 2833 4
3224 2766 3363 2837 ⁴58
3394 2766 3536 2837 450
3593 2763 3852 2835 fundos

876 2883 1189 2978 professa
1220 2884 1335 2976 sit,
1372 2898 1444 2955 et
1469 2886 1519 2954 ii
1551 2885 1847 2981 quidem
1879 2910 2015 2983 pro
2051 2902 2127 2952 us
2154 2888 2235 2959 91
2282 2885 2422 2954 ΗΟ
2452 2878 2748 2975 obligati
2790 2881 2958 2952 sint.

973 3002 1023 3091 S
1056 3004 1207 3071 XV.
1249 3000 1331 3071 ln
1367 3001 1905 3098 quadragesima
1940 3004 2147 3073 tertia
2176 3003 2576 3100 pactione⁸,
2627 3020 2674 3069 a
2709 2998 2980 3069 colonis
3013 2996 3451 3069 Lucensibus
3481 2998 3698 3083 facta,
3740 3022 3853 3070 res

878 3117 1185 3216 mancipi
1242 3118 1335 3191 ab
1393 3118 1702 3217 obligata
1753 3120 2197 3219 professione
2259 3119 2592 3194 deductas
2659 3119 2872 3194 fuisse
2935 3116 3286 3189 videmus.
3360 3120 3518 3189 Jam
3567 3133 3805 3190 autem
3827 3175 3846 3206 ‚

874 3262 1099 3334 quum
1140 3239 1313 3310 mihi
1356 3243 1574 3314 Lama
1608 3240 1785 3313 nihil
1830 3241 1921 3312 de
1957 3266 2036 3312 ea
2082 3267 2160 3313 re
2200 3243 2521 3314 omisisse
2563 3243 2636 3313 in
2682 3237 3268 3337 interpretatione
3310 3261 3438 3308 sua
3479 3236 3803 3310 videatur
3827 3295 3846 3329 ,

872 3357 1043 3428 satis
1070 3358 1249 3431 mihi
1281 3359 1417 3430 erit
1440 3383 1599 3431 eam
1632 3360 1959 3456 proferre
1998 3387 2014 3429 ε

976 3507 1009 3542 α
1216 3479 1419 3549 Sotto
1466 3477 1513 3548 il
1563 3502 1781 3550 nome
1814 3477 1889 3549 di
1924 3503 2282 3576 manceps,
2327 3477 2770 3552 s’intendeva
2806 3475 2924 3548 chi
2958 3497 3384 3572 compet-ava
3409 3527 3428 3564 ,
3467 3499 3514 3546 o
3547 3475 3852 3572 pigliava

879 3623 913 3660 κ
944 3594 1034 3664 ad
1067 3594 1293 3666 affitto
1322 3597 1585 3669 terreni
1615 3596 1734 3670 dal
1762 3599 2077 3696 popolo;
2119 3598 2236 3669 chi
2266 3600 2676 3694 acquistava
2708 3621 2752 3668 a
2775 3595 3022 3668 denari
3055 3594 3080 3666 i
3106 3593 3277 3666 beni
3309 3592 3421 3665 de’
3461 3595 3848 3692 proscritti‚

878 3739 913 3778 «
944 3735 985 3781 e
1018 3712 1133 3784 chi
1167 3715 1484 3788 alienava
1507 3717 1533 3786 i
1559 3717 1839 3815 proprii
1880 3743 1898 3785 ε
1941 3720 2305 3813 manc-epes
2337 3717 2696 3788 dicevansi
2726 3717 2747 3784 i
2782 3711 3154 3811 principali
3190 3710 3633 3809 pubblicani,
3670 3711 3856 3808 gl’is-

880 3859 916 3896 «
938 3832 1199 3928 penori
1230 3833 1413 3904 delle
1448 3849 1679 3933 poste,
1712 3835 1897 3907 delle
1932 3836 2181 3926 saline,
2218 3861 2257 3906 e
2287 3836 2381 3931 gli
2406 3834 2734 3908 essattori
2755 3831 2867 3904 de’
2889 3831 3218 3930 pedaggi.
3245 3833 3447 3900 Sotto
3469 3829 3707 3926 quello
3729 3829 3852 3926 poi

880 3979 911 4018 t«
945 3949 1019 4021 di
1053 3953 1489 4047 mancipium
1518 3955 2161 4052 comprendevansi
2193 3956 2312 4027 nel
2340 3954 2550 4025 suolo
2584 3953 2822 4024 italico
2855 3951 3075 4022 ibeni
3105 3948 3460 4020 immobili
3483 3950 3541 4020 si
3573 3951 3846 4038 rustici,

878 4097 914 4136 «
939 4093 1147 4141 come
1181 4073 1417 4167 campi
1468 4095 1649 4160 ecc„
1698 4073 1833 4145 che
1869 4073 2093 4162 civili,
2144 4097 2353 4144 come
2386 4073 2455 4144 le
2486 4065 2700 4146 case(
2721 4071 3078 4168 Mancipio
3121 4067 3554 4142 chiamavasi
3587 4093 3766 4168 pure
3803 4067 3848 4140 il

880 4219 913 4253 «
940 4189 1202 4260 diretto
1250 4191 1427 4263 sulle
1472 4191 1709 4264 sti-ade
1755 4217 1903 4264 uon
1945 4193 2201 4290 postali
2220 4249 2240 4286 ,
2290 4192 2395 4265 su'
2432 4189 2716 4264 viottoli
2751 4189 2824 4261 di
2865 4189 3490 4282 comunicazione,
3539 4214 3580 4260 e
3619 4205 3852 4260 mota·

882 4335 917 4372 α
936 4309 1166 4404 gione,
1214 4334 1257 4380 e
1289 4308 1467 4404 sugli
1500 4309 1893 4406 acquidotti
1932 4339 1947 4380 ε
1990 4312 2061 4382 in
2102 4310 2245 4384 fine
2280 4314 2303 4383 i
2342 4313 2526 4384 servi
2563 4336 2604 4382 e
2635 4311 2702 4383 le
2737 4309 2963 4383 bestie
2995 4308 3090 4381 da
3124 4311 3359 4380 carico
3403 4333 3442 4380 e
3471 4308 3566 4381 da
3605 4308 3844 4404 giog0,

958 4543 1013 4597 1.
1047 4540 1171 4601 Col.
1206 4545 1305 4614 IV,
1338 4541 1377 4601 l.
1413 4545 1511 4603 43.

954 4645 1011 4698 Ξ.
1049 4643 1173 4702 Col.
1202 4643 1341 4717 V‚l.
1378 4647 1476 4702 21.

958 4747 1013 4803 3.
1048 4749 1245 4802 Lama.
1279 4747 1391 4823 Op.
1422 4765 1599 4824 supra
1628 4746 1819 4825 script.
1832 4790 1849 4818 ,
1879 4767 1940 4826 p.
1975 4750 2071 4806 34.

954 4852 1011 4904 4.
1044 4844 1443 4919 Walckenaer‚
1479 4849 1692 4928 Geogr.
1726 4848 1829 4907 des
1852 4849 2005 4908 deux
2030 4849 2245 4908 Gaules
2269 4896 2286 4927 ,
2314 4861 2355 4910 t.
2388 4852 2467 4922 11,
2496 4869 2558 4928 p.
2593 4850 2709 4906 464
2734 4860 2793 4908 et
2817 4847 2968 4906 suiv.

958 4953 1015 5008 5.
1050 4949 1175 5006 Col.
1211 4951 1279 5020 V,
1313 4950 1353 5009 1.
1386 4952 1484 5009 55.

960 5055 1017 5108 6.
1051 5050 1174 5109 Col.
1208 5053 1307 5121 vl,
1338 5051 1377 5108 Ι.
1410 5054 1507 5111 76.
