5080 6254
2297 1076 2658 1189 PARS
2748 1077 3227 1189 PRIMA.

1608 1338 2283 1395 mMENTARIORUM
2323 1337 2960 1395 MONUMENTORUM
2999 1338 3349 1395 HISTORIA
3389 1338 3481 1395 ΕΤ
3517 1338 3907 1397 LIBRORUM

2123 1467 2227 1522 AD
2267 1467 2367 1522 EA
2407 1466 2964 1547 PERTINENTIUM
3003 1464 3402 1523 RECENSUS.

2495 1706 2858 1799 CAPUT
2925 1710 3002 1799 Ι.

1508 1918 1861 1969 vum-num
1901 1916 2141 1964 unum
2182 1917 2451 1965 msronu
2492 1918 2567 1967 m·
2607 1920 2903 1967 mucium
2942 1918 3021 1965 An
3061 1918 3183 1965 nm
3224 1915 3646 1963 rammam-mu
3689 1916 4007 1975 arcanam,

2112 2021 2185 2065 ΑΒ
2225 2022 2378 2071 auno
2422 2007 2580 2071 1747
2621 2022 2810 2078 nsoun
2852 2024 2930 2071 An
2969 2021 3176 2069 mmm
3220 2007 3398 2069 1832.

1360 2198 1411 2290 5
1450 2200 1506 2266 1.
1565 2198 1772 2264 Anno
1816 2190 2111 2263 Domini
2162 2192 2379 2283 1747,
2436 2190 2588 2261 duo
2636 2203 2988 2284 aratoreS,
3049 2188 3252 2261 haud
3302 2190 3514 2286 longe
3547 2215 3590 2261 a
3627 2194 4054 2283 Macinesso,
4103 2218 4247 2291 qua

1260 2328 1535 2415 spectat
1582 2310 1954 2384 meridiem
1994 2310 2385 2401 Placentia,
2442 2334 2654 2383 aeneae
2706 2308 2967 2382 tabulae
3011 2311 3317 2406 ingentis
3359 2310 3749 2408 fragmenta
3796 2310 4237 2407 effoderunt,

1258 2436 1494 2511 latinis
1543 2434 1793 2505 litteris
1839 2432 2207 2529 inscripta.
2260 2432 2385 2501 His
2430 2430 2844 2527 fmgmentis
2888 2432 2962 2501 in
3020 2457 3248 2503 unum
3303 2432 3651 2521 collectiS‚
3687 2433 3950 2504 exstitit
3977 2432 4247 2508 Tabula

1257 2553 1513 2655 pondo
1547 2554 1893 2626 librarum
1922 2552 2064 2623 600
2084 2608 2102 2643 ,
2138 2552 2280 2623 lata
2314 2552 2538 2650 pedes
2575 2565 2741 2623 octo
2775 2567 2847 2623 ct
2879 2566 3047 2625 octo
3083 2553 3364 2645 uncias,
3408 2552 3548 2625 alta
3581 2552 3798 2651 pedes
3829 2552 4148 2651 quinque
4177 2569 4251 2627 et

1260 2676 1507 2748 uncias
1548 2698 1813 2745 novem
1834 2728 1852 2762 ‚
1890 2696 2109 2770 quam
2150 2697 2319 2744 cum
2365 2672 2439 2744 in
2476 2670 2656 2744 urbe
2699 2674 3067 2771 proxima,
3111 2677 3873 2772 Borgo-San-Donz'no,
3922 2698 4058 2772 pro
4093 2675 4250 2747 aeris

1255 2794 1579 2897 pondere
1600 2793 2111 2883 vendidissent,
2136 2817 2452 2891 moxque
2478 2793 2753 2864 inventi
2777 2793 2966 2866 fama
2986 2794 3532 2892 percrebuisset,
3557 2795 3706 2866 duo
3730 2796 4058 2866 canonici
4081 2796 4254 2891 viri,

1256 2920 1413 2988 DD.
1444 2915 1933 2988 Roncovierus
1960 2928 2031 2986 et
2054 2917 2268 2985 Costa
2299 2912 2481 2984 nihil
2511 2938 2664 2984 non
2699 2928 3090 3003 tentantes,
3122 2913 3194 2983 id
3229 2913 3530 2985 assecuti
3561 2928 3730 2985 sunt
3760 2927 3841 2985 ut
3871 2913 4247 3011 singularis

1256 3036 1410 3134 ejus
1446 3034 1898 3107 monumenti
1938 3034 2331 3131 fragmenta
2365 3032 2824 3105 redimerent.
2867 3032 3208 3105 Nonnulli
3240 3034 3677 3132 antiquitatis
3714 3033 4247 3136 investigatores

1255 3181 1409 3228 rem
1446 3156 1827 3254 explanare
1863 3155 2105 3226 conati
2138 3167 2343 3242 sunt,
2386 3166 2603 3250 atque
2649 3153 2748 3224 ita
2793 3153 3058 3224 factum
3107 3167 3212 3223 est
3255 3167 3372 3244 ut,
3408 3176 3602 3224 anno
3634 3153 3850 3244 1748,
3889 3153 4123 3250 prima
4154 3153 4246 3224 de

1254 3297 1343 3348 ea
1368 3275 1640 3347 mentio
1659 3273 2091 3370 vulgaretur.
2124 3270 2408 3368 Aliquid
2434 3286 2680 3342 autem
2704 3271 2796 3343 de
2833 3272 2966 3343 ista
2999 3271 3273 3361 tabula,
3313 3271 3387 3341 in
3415 3269 3946 3367 Archaeologicis
3967 3270 4242 3344 diurnis

1258 3397 1528 3480 Romae,
1566 3370 1848 3490 scripsit
1882 3397 1963 3462 R.
1992 3396 2072 3461 P.
2112 3389 2576 3462 ContucciuS.

1356 3516 1409 3606 5
1444 3517 1530 3584 11.
1568 3515 1726 3583 Jam
1763 3511 1873 3582 vir
1901 3509 2353 3582 doctissimus
2384 3509 2745 3602 MaffeiuS,
2785 3533 2964 3606 aegre
2997 3509 3230 3584 ferens
3262 3537 3415 3584 rem
3448 3509 3540 3582 ab
3572 3510 3715 3582 alio
3749 3533 3903 3583 esse
3936 3536 4247 3612 occupa-

1259 3646 1443 3726 tam,
1482 3657 1632 3705 non
1658 3630 2011 3711 dubitavit
2037 3630 2232 3702 diem
2265 3631 2751 3729 antiquiorem
2781 3631 3189 3704 adscribere
3220 3632 3471 3704 litteris
3507 3655 3685 3730 quas
3727 3631 3820 3704 ad
3850 3636 3941 3705 D.
3969 3637 4240 3706 Zenum

1260 3752 1488 3845 misit,
1542 3754 1617 3824 in
1668 3750 1931 3850 quibus
1972 3752 2262 3849 copiose
2309 3751 2402 3824 de
2455 3751 2923 3851 Inscriptione
2982 3751 3179 3850 apud
3224 3753 3696 3824 Macinessum
3747 3753 4037 3825 inventa
4095 3753 4240 3825 dis-

1256 3871 1585 3976 putabat.
1644 3871 1841 3946 Idem
1902 3896 2109 3966 ver0,
2168 3871 2346 3945 dum
2404 3873 2554 3945 istis
2604 3873 2853 3944 litteris
2907 3874 3080 3944 anni
3133 3876 3324 3946 1747
3374 3874 3790 3945 novembris
3833 3880 3999 3948 22⁸⁸·
4049 3873 4244 3948 diem

1258 3995 1593 4070 adscribit
1656 3993 2112 4094 imprudenS‚
2184 3993 2506 4066 fraudem
2573 4019 2776 4066 suam
2841 3995 2994 4092 ipse
3051 3993 3412 4092 professus
3477 4009 3613 4085 est,
3683 3996 3952 4067 scilicet
4003 3994 4095 4067 de
4157 4019 4242 4066 ea

1258 4117 1618 4217 scripsisse
1658 4142 1731 4188 se
1782 4130 2076 4188 testatus
2123 4129 2510 4212 antequam
2559 4111 2802 4184 tabula
2846 4114 2996 4210 ipsa
3032 4111 3267 4184 lucem
3305 4113 3620 4185 vidisset.
3676 4119 3921 4212 Neque
3963 4141 4052 4187 eo
4107 4117 4242 4187 mi-

1261 4261 1399 4308 nus
1438 4235 1744 4327 studuit,
1791 4250 1870 4305 ut
1908 4235 1982 4304 in
2016 4233 2240 4324 libro,
2280 4232 2405 4328 qui
2443 4235 2773 4302 Museum
2807 4235 3222 4301 Veronense
3258 4231 3544 4324 dicitur,
3591 4257 3786 4304 anno
3824 4235 4039 4322 1749,
4091 4247 4243 4306 tota

1262 4370 1477 4452 atque
1511 4356 1783 4452 integra
1810 4353 2083 4426 Tabula
2112 4351 2668 4442 describeretur3
2710 4351 2912 4449 quod
2944 4351 3239 4449 quidem
3282 4352 3379 4424 ita
3422 4353 3688 4425 sactum
3733 4368 3838 4428 est
3883 4368 3963 4425 ut
4003 4355 4244 4426 multis

1262 4475 1545 4549 mendis
1573 4475 1790 4548 editio
1814 4475 1935 4548 illa
1963 4473 2392 4547 abundaret.
2429 4472 2791 4544 Nonnulla
2821 4487 3062 4544 tamen
3095 4471 3331 4545 editor
3353 4473 3444 4546 de
3476 4475 3962 4573 Inscriptionis
3994 4473 4243 4546 ortho-

1264 4597 1561 4696 graphia
1591 4595 1805 4670 docte
1838 4595 2213 4668 observata
2245 4593 2574 4690 subjecit.
4127 4673 4134 4682 ,

1363 4721 1417 4812 5
1448 4721 1568 4789 111.
1609 4717 2186 4815 Inscriptionem,
2216 4712 2477 4786 eodem
2509 4737 2735 4804 auno,
2769 4711 3022 4804 edidit,
3055 4714 3428 4786 Florentiae
3449 4720 3868 4808 Tuscorum,
3897 4717 4244 4787 Antonius

1266 4843 1381 4912 Fr.
1424 4839 1689 4910 Gorius
1709 4843 1754 4908 ¹.

1352 5011 1410 5067 1.
1450 5003 1765 5084 Exemplar
1796 5001 2030 5062 Tabulae
2066 5001 2324 5077 Trajanae
2355 5022 2464 5082 pro
2492 5001 2698 5062 Pueris
2738 5015 2910 5081 atque
2945 5003 3160 5064 Puellis
3197 5002 3584 5064 Alimentariis
3619 5003 3848 5084 reipub.
3896 5003 4137 5063 Veleiat.
4181 5004 4241 5062 in

1268 5105 1435 5166 Italia
1460 5105 1754 5200 institutis,
1788 5117 1897 5163 etc.
1922 5103 2178 5164 Florent.
2208 5107 2387 5163 1749.
