5080 6254
594 4810 632 4823 Q

2135 679 2525 750 ...34-

929 856 982 945 g
1018 855 1134 922 Vl.
1173 850 1572 945 Scriptores
1605 845 2034 916 recentiores
2069 841 2402 914 nonnulli
2437 865 2522 912 ex
2556 839 2945 936 Capitolini
2968 841 2987 874 ¹
3024 838 3341 934 quodam
3370 839 3563 930 loco,
3596 861 3813 936 quem

835 974 1074 1044 minus
1093 970 1282 1042 bene
1305 966 1830 1052 intellexerunt,
1853 963 2292 1034 Pertinacem
2309 959 2817 1057 judicaverunt
2844 959 3363 1030 institutionem
3388 957 3808 1030 abolevisse.

837 1098 1065 1164 Locus
1093 1104 1332 1162 autem
1365 1089 1466 1159 sic
1493 1111 1570 1158 se
1599 1083 1866 1158 babet:
1913 1113 1946 1150 u
1980 1083 2438 1154 Alimentaria
2467 1079 2929 1177 compendia,
2964 1103 3121 1174 quae
3154 1103 3419 1150 novem
3452 1103 3813 1152 annorum

833 1237 918 1284 ex
974 1210 1296 1283 instituto
1350 1205 1627 1302 Trajani
1678 1202 2156 1292 debebantur,
2215 1200 2568 1272 obdurata
2624 1197 3051 1270 verecundia
3111 1199 3413 1271 sustulit.
3474 1231 3507 1264 ιο
3564 1199 3668 1270 lbi
3722 1198 3815 1272 de

835 1329 1360 1401 intermissione
1414 1322 1730 1421 quadam
1782 1321 2208 1418 largitionis,
2269 1345 2418 1390 non
2470 1319 2562 1390 de
2615 1318 3121 1413 abrogatione,
3178 1318 3359 1389 sicut
3412 1320 3813 1391 Henzenius

833 1446 1348 1521 demonstravit
1376 1447 1424 1534 ⁸,
1457 1443 1712 1539 agitur.
1739 1445 2176 1540 Temporum
2209 1439 2647 1529 discrimina,
2688 1435 2975 1535 publica
3012 1437 3293 1509 miseria
3324 1453 3397 1510 et
3426 1438 3631 1510 civile
3662 1437 3815 1512 bel·

832 1569 982 1640 lum
1017 1569 1358 1662 ingruens
1391 1566 1898 1662 imperatorem
1925 1560 2020 1632 ad
2055 1559 2124 1631 id
2163 1557 2599 1630 necessitatis
2630 1555 3078 1628 adduxerant
3106 1586 3125 1648 ;
3160 1571 3233 1629 at
3264 1573 3429 1656 post
3466 1581 3657 1647 eum,
3700 1583 3811 1630 res

833 1687 903 1756 in
955 1686 1310 1782 integrum
1357 1683 1680 1754 restituta
1725 1692 1854 1750 est.
1899 1676 2039 1750 Ubi
2079 1678 2274 1750 enim
2309 1676 2691 1774 scriptores
2725 1690 3001 1761 tacent,
3044 1675 3439 1772 loquuntur
3470 1676 3746 1775 lapides
3787 1702 3803 1745 z

829 1804 1294 1902 regnantibus
1335 1802 1656 1900 Septimo
1697 1801 1962 1870 Severo
2005 1814 2078 1869 et
2119 1795 2512 1886 Caracalla,
2574 1820 2659 1866 ex
2700 1795 3037 1866 Henzenii
3095 1797 3484 1889 sententia,
3527 1797 3809 1868 Moecius

827 1920 1104 1994 Probus
1137 1935 1377 1989 PRAEF.
1409 1933 1594 1988 Auri.
1635 1930 2098 2016 nuncupatur
2121 1919 2166 1984 ³.

926 2045 976 2134 S
1025 2045 1174 2112 Vll.
1231 2041 1472 2112 Exstat
1511 2037 1752 2110 adhuc
1798 2037 2158 2132 Elagabali
2211 2036 2434 2108 aetatis
2489 2049 3041 2106 monumentum
3082 2036 3287 2132 quod
3331 2060 3372 2109 a
3410 2035 3811 2110 minoribus

825 2159 1260 2258 quibusdam
1314 2154 1842 2252 magistratibus
1900 2155 2362 2229 alimentariis
2427 2169 2745 2226 erectum
2798 2153 3007 2226 fuisse
3066 2153 3583 2228 demonstravit
3633 2162 3809 2229 Bur-

827 2277 1112 2374 ghesius
1137 2280 1182 2346 ⁸.

923 2399 974 2489 S
1007 2400 1188 2466 Vlll.
1215 2395 1568 2492 Denique,
1597 2407 1940 2491 regnante
1974 2392 2373 2466 Alexandro
2407 2395 2703 2484 Sevem,
2736 2417 2995 2490 magna
3030 2394 3229 2467 adest
3260 2396 3807 2495 inscriptionum

823 2517 1055 2615 copia.
1115 2521 1270 2613 lpse
1323 2530 1564 2588 autem
1607 2515 2024 2613 imperator,
2065 2515 2510 2586 Antoninum
2548 2515 3053 2612 Aureliumque
3100 2529 3417 2608 secutuS‚
3460 2545 3495 2585 t<
3538 2516 3809 2616 puellas

822 2659 1228 2734 puerosque
1274 2638 1780 2707 Mammaeanos
1840 2634 2139 2706 instituit
2168 2637 2214 2705 ⁸.
2258 2662 2292 2700 >›
2359 2636 2545 2712 Sunt
2590 2635 2885 2732 insuper
2942 2635 3293 2708 nonnulla
3352 2636 3490 2708 alia
3542 2661 3805 2710 monu-

823 2769 1062 2827 menta
1109 2755 1204 2827 ad
1255 2755 1808 2828 Constantinum
1855 2779 2084 2850 usque
2136 2755 2596 2853 pertinentia,
2634 2781 2793 2852 quae
2838 2755 3071 2827 attulit
3112 2758 3515 2828 Henzenius
3534 2759 3578 2828 ⁸.
3620 2759 3803 2828 Sunt

820 2877 1036 2946 etiam
1095 2874 1188 2946 ad
1252 2876 1582 2947 eamdem
1644 2891 1924 2948 aetatem
1953 2932 1972 2967 ,
2032 2877 2104 2946 id
2155 2891 2260 2948 est
2309 2876 2402 2946 ad
2457 2892 2799 2974 quartum
2860 2876 3194 2948 saeculum
3256 2877 3459 2948 multi
3522 2878 3805 2948 nummi

819 2995 1255 3092 pertinentes
1289 3017 1456 3066 cum
1493 2994 1713 3067 titulis
1756 3023 1772 3065 :
1811 3011 1990 3064 rm‘r.
2027 3011 2210 3086 Ave„
2241 3037 2321 3048 -
2349 3009 2803 3063 ΑΒνΝυΑΝτιΑ.
2825 3049 2841 3080 ,
2867 3037 2947 3048 -
2971 3009 3403 3064 ABVNDANTtA
3427 3011 3581 3064 Ave.
3612 3037 3691 3050 -
3728 3011 3803 3070 et

821 3132 1250 3185 Anvnnmm
1281 3132 1667 3204 Turnum,
1700 3134 1842 3191 etc.
1878 3121 1900 3158 '

915 3238 966 3327 S
1003 3240 1122 3306 tx.
1157 3236 1700 3309 Theodosianus
1747 3237 2058 3336 denique
2104 3238 2336 3310 codex
2379 3236 2595 3309 nobis
2636 3238 2867 3333 legem
2908 3236 3425 3308 alimentariam
3451 3292 3471 3327 ,
3513 3236 3801 3334 qualem

818 3356 1324 3429 informaverat
1356 3358 1891 3451 ConstantinuS,
1926 3359 2288 3450 exhibet⁸3
2333 3359 2615 3431 ratione
2651 3383 2823 3430 vero
2852 3356 3369 3453 obligationum
3408 3358 3799 3457 imperator

818 3500 986 3547 usus
1019 3475 1228 3548 fuisse
1260 3500 1411 3547 non
1445 3477 1726 3550 videtur
1758 3480 2175 3553 exercendae
2211 3478 2715 3552 munificentiae
2748 3479 2971 3575 gratia
2998 3506 3018 3569 3
3056 3490 3247 3550 certe
3278 3477 3538 3549 eodem
3570 3479 3799 3551 tendit

816 3596 967 3691 ejus
999 3594 1384 3669 liberalitas
1411 3655 1430 3691 ‚
1469 3598 1768 3671 miseriis
1809 3599 2062 3671 iisdem
2105 3600 2524 3699 opitulatur.

896 3854 956 3911 t.
986 3852 1105 3912 Jul.
1137 3854 1472 3933 capitolin„
1497 3878 1551 3917 c.
1583 3878 1667 3920 xx.

893 3958 953 4012 2.
985 3960 1271 4031 Hermen„
1297 3956 1342 4039 S
1367 3980 1474 4019 x11.

895 4062 954 4117 3.
984 4060 1194 4132 Orell„
1223 4080 1282 4121 n.
1323 4065 1498 4121 1267.

892 4163 952 4219 4.
983 4165 1226 4220 Memor.
1259 4164 1507 4223 Institut.
1539 4164 1900 4245 archeolog.,
1935 4170 1988 4239 1,
2017 4186 2077 4246 p.
2111 4169 2252 4227 290.
2283 4198 2360 4213 -—·
2391 4170 2675 4237 Hermen„
2706 4161 2753 4245 S
2776 4184 2881 4223 xn-

895 4268 952 4321 5.
987 4264 1316 4343 Lamprid„
1347 4288 1401 4325 c.
1433 4288 1578 4328 mm.

892 4368 951 4424 6.
989 4370 1277 4441 Henzen.,
1303 4367 1348 4449 S
1373 4390 1484 4429 111.

893 4473 950 4525 7.
987 4470 1238 4542 Paufler,
1269 4471 1522 4544 Quaestio
1541 4472 1866 4551 antiquaria
1892 4473 1966 4532 de
1994 4476 2192 4553 pueris
2219 4487 2277 4533 et
2295 4474 2504 4553 puellis
2522 4472 2918 4533 alimentariis.
2948 4476 3185 4544 Dresd.‚
3215 4474 3395 4545 1809,
3420 4492 3478 4551 p.
3498 4475 3584 4531 ‚24
3604 4485 3662 4530 et
3686 4475 3789 4545 25,

809 4582 929 4627 not.
966 4572 1040 4628 37
1071 4584 1130 4629 et
1159 4575 1272 4646 38;
1302 4606 1380 4618 —
1408 4573 1528 4632 vid.
1563 4577 1674 4650 id„
1709 4594 1770 4654 p.
1801 4578 1902 4648 26,
1935 4587 2056 4636 not.
2093 4578 2168 4635 39
2195 4600 2208 4633 τ
2249 4602 2274 4628 οι
2301 4580 2370 4635 In
2387 4574 2744 4636 Constantini
2766 4594 2905 4634 arcu
2934 4594 3116 4654 prope
3139 4574 3627 4653 amphitheatrum
3656 4574 3793 4633 Fla-

805 4669 966 4728 vium
999 4676 1199 4730 Romae
1218 4715 1238 4743 ,
1269 4672 1385 4733 hue
1417 4674 1708 4753 pertinere
1731 4675 1966 4735 videtur
1989 4678 2350 4757 congiarium
2387 4677 2607 4756 populo
2632 4677 2865 4752 datum,
2898 4689 3089 4735 ete....
3118 4700 3145 4728 ιι
3176 4678 3318 4748 Quae
3340 4674 3575 4753 quidem
3604 4674 3677 4734 ad
3714 4675 3788 4733 ti-

803 4772 1170 4833 beralitatem
1196 4774 1489 4854 publicam
1515 4778 1834 4857 pertinent,
1861 4800 1982 4841 non
2008 4778 2082 4839 ad
2113 4781 2296 4860 ipsam
2315 4780 2735 4841 institutionem
2762 4778 3203 4839 elimentur-iam.

889 4879 946 4933 8.
983 4876 1128 4937 Cod.
1157 4876 1404 4949 Theod.,
1441 4878 1484 4941 l.
1510 4882 1623 4955 XI,
1649 4901 1838 4941 nvn.
