5080 6254
2612 632 3004 702 ...70-

2516 958 2878 1052 CAPUT
2965 961 3002 1051 1
3016 962 3089 1051 Ι.

2020 1236 2098 1285 ΒΕ
2136 1235 2397 1286 uenum!
2436 1235 2824 1285 nssmmomm
2860 1233 3098 1283 ‘riuum
3136 1233 3562 1285 Toroemnu.

1408 1461 1461 1552 S
1496 1461 1553 1529 1.
1592 1460 1757 1529 Haec
1787 1454 1879 1529 de
1927 1458 2263 1527 Licinum
2300 1458 2775 1526 Baunonnu
2808 1452 3112 1525 coloniae
3167 1453 3444 1549 origine
3481 1452 3554 1525 in
3602 1450 3760 1523 Tito
3790 1451 3987 1523 Livio
4037 1449 4288 1548 legun-

1309 1580 1483 1647 tur¹.

1408 1700 1617 1767 Anno
1640 1693 1852 1766 Urbis
1890 1696 2059 1786 572,
2100 1722 2135 1759 α
2167 1697 2244 1765 P.
2276 1692 2656 1765 Cornelius
2689 1705 2761 1764 et
2792 1694 2888 1762 M.
2931 1690 3228 1785 Baebius,
3255 1692 3381 1788 qui
3415 1692 3487 1763 in
3521 1690 3898 1763 consulatu
3933 1690 4108 1763 nihil
4142 1716 4291 1763 me-

1314 1844 1349 1881 «
1406 1812 1755 1887 morabile
1790 1827 2179 1911 gesserant,
2213 1812 2287 1882 in
2326 1814 2666 1910 Apuanos
2698 1814 3000 1883 Lmumffi
3035 1812 3426 1883 exercitum
3465 1808 3901 1883 induxerunt
3907 1861 4281 1881 ............

1409 1964 1445 2003 α
1504 1938 1833 2023 Lmnnns,
1860 1934 1982 2030 qui
2035 1946 2201 2005 ante
2244 1930 2636 2006 adventurn
2675 1930 2748 2002 in
2788 1930 3239 2031 provinciam
3283 1930 3661 2003 consulum
3703 1954 3854 2001 non
3899 1945 4291 2027 exspectas-

1312 2084 1347 2120 «
1406 2067 1564 2127 sent
1595 2052 1891 2144 bellum,
1929 2052 2323 2153 improviso
2370 2052 2720 2151 oppressi,
2762 2051 2855 2124 ad
2896 2052 3289 2124 duodecim
3331 2051 3556 2124 millia
3581 2049 3967 2122 hominum
3999 2049 4293 2123 dedide-

1311 2202 1346 2239 α
1405 2186 1575 2244 runt
1602 2198 1784 2245 sese.
1822 2177 1991 2263 Eos,
2028 2172 2363 2245 consulto
2394 2196 2523 2270 per
2554 2172 2824 2244 litteras
2861 2172 3058 2272 prius
3091 2186 3368 2265 senatu,
3402 2170 3761 2243 deducere
3791 2168 3884 2245 de
3927 2171 4292 2245 montibus

1312 2319 1349 2359 «
1402 2292 1479 2362 in
1512 2315 1722 2389 agros
1748 2306 2178 2390 campestres
2221 2292 2474 2390 procul
2506 2290 2599 2363 ab
2640 2290 2892 2382 domo,
2931 2317 3024 2365 ne
3069 2292 3338 2364 reditus
3370 2316 3532 2391 spes
3563 2306 3771 2382 esset,
3809 2292 4184 2364 Cornelius
4221 2306 4291 2363 et

1311 2440 1347 2477 α
1404 2409 1681 2483 Baebius
1710 2425 2137 2499 statuerunt,
2174 2411 2455 2483 nullum
2484 2410 2707 2485 alium
2733 2425 2899 2485 ante
2922 2411 3145 2487 finem
3159 2413 3295 2485 rati
3330 2412 3480 2483 fore
3501 2414 3844 2483 [mosim
3875 2410 4070 2483 belli.
4115 2419 4292 2509 Ager

1312 2559 1347 2596 α
1401 2528 1735 2629 publicus
1775 2528 2025 2628 populi
2059 2530 2341 2602 romani
2385 2545 2535 2603 erat
2568 2532 2644 2603 in
2695 2532 3134 2605 Samnitibus
3154 2588 3176 2624 ,
3211 2532 3338 2630 qui
3387 2530 3936 2605 Taurasinorum
3983 2530 4284 2630 [fuer-at:

1310 2676 1349 2717 κ
1404 2653 1483 2720 ln
1520 2647 1717 2749 eum]
1724 2702 1872 2723 .....
1914 2654 2214 2723 Llcnm
2248 2648 2558 2723 traducti
2591 2665 2758 2724 sunt
2789 2651 3084 2751 publico
3111 2666 3404 2749 sumptu
3439 2650 3530 2723 ad
3567 2650 4036 2748 quadraginta
4065 2652 4286 2727 millia

1310 2798 1347 2837 α
1401 2768 1797 2842 liberorum
1827 2770 2143 2868 capitum
2168 2794 2337 2843 cum
2369 2770 2653 2843 feminis
2695 2772 3102 2871 puerisque.
3140 2770 3422 2868 Argenti
3454 2768 3622 2843 data
3646 2784 3937 2842 centum
3974 2785 4046 2844 et
4077 2774 4283 2870 quin-

1310 2920 1347 2957 α
1402 2890 1747 2989 quaginta
1790 2888 2047 2984 millia,
2087 2891 2282 2963 unde
2327 2890 2401 2963 in
2454 2914 2680 2963 novas
2719 2890 2907 2964 aedes
2955 2903 3460 2990 compararent
3502 2945 3523 2980 ‚
3558 2914 3718 2987 quae
3786 2914 3970 2988 opus
4021 2908 4277 2965 essent.

1307 3042 1343 3079 κ
1401 3014 1588 3107 Agro
1624 3009 2020 3083 dividendo
2078 3010 2470 3109 dandoque
2504 3009 2749 3099 iidem,
2791 3012 2913 3111 qui
2961 3010 3448 3102 traduxerant,
3489 3010 3862 3083 Cornelius
3892 3024 3965 3083 et
4015 3010 4284 3087 Baebius

1308 3157 1345 3200 t(
1399 3130 1783 3229 praepositi.
1825 3129 2359 3204 Postulantibus
2392 3145 2632 3205 tamen
2655 3131 2826 3230 ipsis
2858 3130 3312 3230 quinqueviri
3345 3129 3438 3202 ab
3469 3145 3720 3202 senatu
3761 3130 3932 3220 dati,
3973 3158 4284 3230 quorum

1306 3275 1345 3314 α
1398 3271 1487 3318 ex
1518 3244 1821 3318 consilio
1854 3262 2170 3344 agerent.
2215 3275 2253 3316 »

1399 3370 1564 3437 Haec
1594 3367 1933 3463 Ligurum
1967 3367 2044 3439 in
2079 3366 2519 3441 Samnitibus
2553 3369 2784 3463 origo,
2831 3366 3093 3466 quibus
3135 3366 3225 3441 de
3261 3366 3773 3443 deductoribus
3806 3394 4075 3446 nomen
4103 3379 4278 3448 Con·

1301 3505 1613 3554 munis
1658 3496 1731 3554 et
1760 3487 2096 3557 BAEmAms
2128 3483 2483 3577 inditum-3
2524 3485 2842 3586 populus
2886 3485 3084 3558 haud
3115 3488 3436 3586 exiguus,
3475 3493 3865 3588 praesertim
3903 3519 4130 3591 quum
4170 3497 4282 3568 in-

1301 3614 1747 3672 crementum
1779 3602 1867 3674 iis
1898 3601 2309 3676 addiderint
2340 3602 2566 3691 alteri,
2613 3633 2648 3671 a
2677 3603 2772 3676 ad
2808 3619 3079 3704 septem
3107 3606 3329 3680 millia
3359 3607 3768 3704 hominum,
3790 3612 4048 3684 eodem
4086 3638 4279 3687 anno

1307 3749 1343 3786 α
1398 3743 1441 3792 a
1487 3719 1735 3793 Fulvio
1778 3719 2080 3794 consule
2136 3723 2210 3795 in
2262 3721 2732 3806 deditionem,
2763 3727 3034 3826 accepti
3087 3727 3353 3824 quibus
3407 3728 3714 3801 navibus
3771 3747 4023 3830 praeter
4078 3757 4280 3807 oram
4331 3741 4342 3752 '

1306 3869 1341 3905 α
1397 3839 1657 3911 etrusci
1692 3838 1907 3911 maris
1936 3840 2309 3940 Neapolim
2346 3844 2772 3916 transmissis
2792 3860 3005 3940 atque
3040 3843 3210 3918 inde
3245 3846 3320 3917 in
3354 3848 3726 3921 Samnium
3759 3851 4098 3924 traductis
4115 3877 4282 3950 ager

1305 3986 1341 4023 α
1397 3957 1584 4028 inter
1608 3957 1993 4056 populares
2024 3958 2231 4033 datus
2264 3976 2371 4035 est
2404 3991 2439 4028 n
2482 3961 2715 4058 (Idem
2735 4014 2757 4051 ,
2797 3962 3012 4051 ibid„
3055 3989 3120 4037 c.
3154 3963 3345 4061 40⁸.

1395 4103 1448 4193 S
1480 4104 1569 4171 11.
1614 4104 1719 4171 Ex
1750 4099 1865 4173 his
1908 4117 2151 4176 autem
2186 4105 2397 4178 Plinii
2431 4103 2670 4176 verbis
2714 4131 2731 4175 :
2779 4136 2814 4172 «
2853 4106 3144 4200 Ligures
3193 4107 3320 4203 qui
3363 4111 3966 4206 cognominantur
4006 4118 4276 4187 Comm-

1296 4244 1487 4292 mnu
1520 4233 1592 4292 et
1622 4221 1749 4317 qui
1784 4224 2089 4296 BAEmnu
2103 4225 2215 4295 ⁸...
2248 4253 2283 4290 n
2326 4227 2519 4296 Duas
2552 4223 2764 4296 fuisse
2797 4226 3116 4299 civitates
3148 4226 3416 4326 colligit
3448 4231 3890 4304 Henzenius⁴
3925 4261 3942 4304 ε
3983 4235 4278 4307 alteram

1298 4338 1565 4414 scilicet
1597 4343 2205 4416 Contumeliam
2254 4344 2616 4418 coloniam
2639 4402 2658 4437 ‚
2719 4345 3012 4420 alteram
3059 4352 3567 4423 BAEmmomm.
3606 4353 3738 4422 Cui
3772 4353 4064 4450 quidem
4115 4354 4280 4452 opi-

1299 4459 1528 4551 nioni,
1560 4484 1645 4531 ex
1674 4461 2042 4534 nonnullis
2078 4461 2323 4554 titulis,
2348 4489 2533 4564 quos
2561 4466 2713 4566 ipse
2745 4467 2818 4538 in
2853 4467 3114 4541 eodem
3139 4467 3302 4542 libri
3333 4472 3446 4543 sui
3478 4471 3708 4569 capite
3737 4475 3922 4544 x111⁰
3949 4475 4272 4572 protulit,

1379 4691 1440 4750 1.
1477 4693 1549 4753 L.
1578 4694 1706 4766 XL,
1738 4695 1813 4752 37
1842 4695 2021 4756 etas.

1380 4791 1439 4848 2.
1471 4793 1825 4868 Remmius,
1848 4792 1895 4875 S
1916 4815 2050 4858 xm.

1380 4893 1441 4955 8.
1474 4892 1653 4966 Ptin„
1682 4899 1791 4971 111,
1823 4899 1927 4973 16,
1952 4916 2017 4978 p.
2046 4899 2201 4974 1533
2234 4897 2353 4964 vol.
2390 4902 2471 4976 11,
2498 4900 2595 4962 ed.
2629 4905 2791 4964 Lem.

1381 4997 1440 5053 ⁴.
1470 4990 1519 5076 s
1538 5013 1669 5056 xm.
