5080 6254
2105 679 2500 752 -47-

811 877 855 891 -·
898 852 950 942 5
983 853 1070 920 X.
1122 847 1324 942 Pagis
1357 841 1928 942 praeficiebantur
1965 843 2416 938 magistratus
2466 843 2767 941 quidam
2816 847 2989 920 dieti
3018 849 3169 924 sive
3213 875 3565 948 pagorum
3600 859 3783 934 1²1-ae-

801 971 990 1060 fecti‚
1025 969 1174 1040 sive
1205 965 1510 1038 Parochi
1529 1019 1548 1056 ,
1577 963 1844 1061 quibus
1873 962 2210 1036 mandata
2236 979 2386 1036 erat
2410 989 2585 1042 cura
2612 980 2692 1038 ut
2712 967 2987 1040 victum
3014 971 3491 1070 vestitumque
3528 977 3781 1073 magis-

800 1086 1098 1160 tratibus
1117 1142 1138 1178 ‚
1179 1086 1304 1183 qui
1345 1084 1794 1183 provinciam
1839 1105 2042 1154 suam
2085 1083 2423 1181 petebant
2449 1137 2468 1172 ,
2525 1111 2611 1158 ac
2648 1087 2844 1186 legna
2889 1089 3253 1188 salemque
3305 1095 3700 1190 praeberent
3720 1103 3777 1187 ’ς

797 1228 1096 1304 operam
1119 1227 1410 1301 quoque
1437 1201 1708 1278 dabant
1739 1225 1834 1274 ne
1857 1217 2052 1274 terra
2085 1204 2585 1300 negligeretur,
2613 1223 2844 1306 atque·
2863 1223 2943 1282 ut
2965 1212 3097 1282 viae
3120 1236 3163 1284 a
3196 1212 3585 1286 fundorum
3617 1242 3782 1315 pos·

797 1321 1191 1396 sessoribus
1231 1322 1688 1394 munirentur
1707 1325 1752 1390 ².
1797 1325 2199 1414 Annonam,
2227 1327 2315 1394 V⁰
2351 1325 2636 1417 saeculo,
2688 1344 2906 1427 prout
2952 1328 3352 1404 debebatur
3382 1358 3426 1406 a
3456 1336 3777 1430 singulis,

795 1442 1236 1538 exigebant⁸.
1301 1445 1456 1514 Hoc
1511 1453 1750 1514 autem
1799 1463 2070 1512 nomen
2121 1445 2462 1541 Praefecti
2517 1446 2697 1518 mihi
2760 1467 2943 1518 cum
2983 1453 3420 1548 praefectura
3474 1479 3781 1528 eoncor-

797 1565 972 1635 dare
999 1563 1306 1634 videtur.
1359 1566 1468 1632 De
1503 1559 1922 1659 praefectura
1951 1584 2125 1640 vero
2167 1561 2360 1660 apud
2391 1562 2711 1638 Siculum
2744 1566 3091 1640 Flaccum.
3119 1569 3272 1644 haec
3320 1571 3727 1647 invenimus
3757 1603 3778 1649 τ

801 1715 836 1753 α
1040 1686 1186 1756 suis
1235 1682 1582 1755 limitibus
1629 1689 1932 1779 quaeque'
1979 1682 2172 1779 regio
2209 1683 2438 1756 diuisa
2489 1699 2759 1776 θεὴ»...
2812 1711 2971 1782 quae
3022 1690 3313 1786 singulae
3351 1695 3782 1792 praesecturae

795 1805 1244 1904 appellantur
1263 1807 1412 1875 ἃ...
1437 1833 1472 1868 »
1512 1801 1737 1873 Iidem
1779 1800 2226 1896 magistratus
2267 1823 2797 1903 nonnunquam
2830 1805 3070 1879 aediles
3107 1814 3292 1910 pagi
3323 1812 3777 1904 dicebantur,

793 1927 1061 2023 quippe
1093 1923 1218 2022 qui
1249 1947 1477 2022 parvo
1505 1945 1968 2019 paganorum
1987 1923 2238 1994 aerario
2264 1925 2785 2023 praesiderent⁵.

888 2050 940 2138 5
972 2049 1096 2115 xl.
1145 2048 1378 2140 Pagus
1415 2043 1628 2139 igitur
1653 2055 1816 2114 erat
1859 2064 2025 2141 pars
2066 2041 2306 2138 aliqua
2339 2043 2643 2115 civitatis
2664 2100 2683 2136 ‚
2732 2047 3085 2140 quamviS‚
3134 2050 3221 2115 V⁰
3256 2061 3449 2120 certe
3486 2050 3773 2144 soeculQ

792 2191 942 2240 non
971 2167 1272 2238 civitatis
1301 2164 1426 2237 sed
1466 2163 1852 2260 provinciae
1887 2163 2464 2262 magistratuum,
2499 2164 2679 2259 juris
2708 2180 2915 2258 esset,
2954 2177 3035 2236 ut
3067 2191 3154 2238 ex
3188 2167 3439 2240 codice
3453 2169 3779 2242 Theodo-

787 2289 990 2360 siano
1009 2285 1492 2384 comperimus
1513 2310 1536 2354 :
1562 2283 2014 2356 «Provinciis
2041 2284 2500 2382 praesidentes
2533 2309 2663 2382 per
2688 2286 3017 2356 omnium
3046 2286 3247 2358 villas
3274 2289 3535 2360 sensim
3560 2305 3777 2388 atque

787 2408 1100 2480 usitatim
1141 2407 1482 2503 vicosque
1523 2417 1824 2476 cunctos
1869 2403 2274 2476 discurrant
2288 2407 2431 2476 ἱ...
2457 2435 2492 2472 υ
2533 2403 2829 2479 Tributa
2864 2421 3107 2478 autem
3146 2406 3555 2482 civitatibus
3591 2411 3779 2505 quis-

787 2548 928 2625 que
997 2549 1224 2626 pagus
1285 2525 1612 2599 sol'vebat
1669 2553 1688 2596 ε
1749 2553 1789 2592 α
1823 2529 2268 2596 possessores
2335 2549 2567 2622 quum
2636 2524 3103 2598 satisfecerint
3172 2525 3479 2622 publicoe
3536 2529 3776 2602 conla-
3904 2573 3911 2584 -

787 2648 1004 2740 tioni,
1039 2647 1410 2718 cautiones
1443 2668 1608 2716 suas
1638 2643 1734 2716 ad
1771 2641 2162 2714 tabularios
2204 2640 2538 2741 publicos
2568 2641 2893 2714 deferant
2912 2699 2931 2734 ‚
2967 2656 3062 2716 ,ut
3092 2666 3212 2714 eas
3260 2642 3591 2722 tabularii
3624 2647 3775 2722 sive

786 2768 1220 2864 sexagenarii
1250 2765 1552 2866 periculi
1577 2765 1686 2836 sui
1712 2785 2067 2836 memores
2096 2763 2486 2860 suscipiant
2518 2787 2563 2834 a
2584 2761 3077 2836 conlatoribus
3096 2762 3287 2863 ipsas
3312 2765 3583 2864 species
3613 2791 3774 2863 quae

785 2887 1138 2960 debentur
1170 2911 1256 2959 ex
1290 2885 1584 2958 horreis-
1603 2885 1752 2956 suis
1782 2885 1878 2956 ad
1923 2885 2238 2956 civitates
2269 2883 2581 2980 singulas
2612 2907 2743 2983 per
2775 2907 3055 2955 menses
3083 2883 3404 2979 singulos
3450 2884 3773 2993 perlatu-

783 3009 880 3079 ris
909 3035 926 3079 :
979 3033 1069 3080 ne
1101 3006 1354 3080 inlatio
1388 3004 1824 3078 tributorum
1857 3027 1944 3078 ex
1979 3003 2150 3076 solis
2183 3004 2482 3101 apochis
2524 3003 2714 3098 fal-sis
2748 3003 2862 3075 vel
2908 3003 3341 3098 imaginariis
3376 3027 3769 3098 cognosca-

785 3144 900 3200 tur
921 3132 968 3217 ',
1021 3142 1160 3200 etc.
1203 3158 1238 3193 n
1293 3130 1384 3197 Ψ
1423 3123 1719 3212 saeculo,
1771 3125 1942 3221 pagi
1975 3121 2164 3219 juris
2209 3138 2414 3195 erant
2458 3122 2937 3195 Desensorum
2988 3122 3319 3195 civit-atis·
3368 3122 3771 3195 Verisimile

781 3264 886 3319 est
922 3247 1202 3344 Trajani
1233 3261 1560 3345 tempore
1587 3300 1606 3337 ,
1637 3266 1956 3343 paganos
1999 3242 2094 3315 ad
2139 3242 2396 3316 urbem
2441 3243 2739 3315 curialia
2784 3241 3023 3315 officia
3054 3241 3418 3331 obiturOS,
3467 3257 3581 3335 ut,
3631 3246 3771 3316 Au·

783 3369 964 3463 gusti
987 3382 1216 3456 aetate,
1239 3366 1456 3437 bonos
1473 3382 1726 3462 patres
1749 3388 1838 3435 ex
1859 3365 2138 3435 Horatii
2157 3364 2493 3463 epistola⁸
2515 3364 2884 3455 discimuS,
2918 3362 3167 3435 solitos
3204 3388 3359 3435 esse
3399 3362 3763 3438 devenire.

877 3492 930 3582 5
960 3492 1113 3559 ΧΙΙ.
1171 3492 1494 3582 Pagusne
1539 3483 1842 3582 quisque
1885 3485 2160 3581 integer
2191 3487 2262 3557 in
2313 3510 2545 3556 unum
2584 3498 2655 3555 et
2677 3482 2898 3555 idem
2946 3483 3181 3554 solum
3227 3482 3537 3581 patuerit
3582 3484 3771 3555 intra

780 3620 1012 3679 certos
1031 3604 1234 3697 (inm,
1263 3626 1356 3677 an
1380 3604 1622 3704 plures
1653 3604 1728 3675 in
1764 3617 2004 3702 partes
2031 3590 2412 3703 saepissime
2434 3604 2701 3677 divisus
2724 3602 2956 3693 suerit,
2980 3600 3181 3673 haud
3202 3599 3541 3699 equidem
3566 3602 3769 3673 facile

866 3930 926 3987 1.
955 3930 1157 3985 Horat.
1169 3968 1188 3999 ,
1227 3926 1270 3985 1.
1302 3929 1364 3996 Ι,
1395 3936 1502 3985 sat.
1536 3928 1606 3987 V.
1637 3945 1696 3985 v.
1725 3928 1824 3985 46.
1855 3956 1935 3969 -
1963 3923 2135 3982 Nulla
2169 3936 2362 3983 autem
2397 3924 2602 4004 primis
2639 3924 2998 4004 temporibus
3036 3923 3276 4003 Imperii
3318 3910 3617 4003 inscriptio
3654 3926 3763 3983 hoc

781 4027 1129 4088 vocabulum
1157 4030 1406 4086 Par-ochi
1423 4026 1662 4107 praebet.
3504 4014 3509 4021 ’

859 4130 922 4191 2.
957 4130 1135 4190 Sicul.
1160 4130 1348 4191 Flacc.
1377 4134 1468 4188 De
1488 4128 1707 4187 condit.
1737 4144 1963 4208 ugron,
1991 4126 2085 4187 ed.
2111 4127 2409 4200 Rudorsf.,
2431 4146 2493 4207 p.
2511 4130 2652 4201 1463
2678 4126 2804 4188 vid.
2824 4146 3022 4203 supra,
3044 4136 3197 4204 part.
3215 4129 3393 4197 111,c.
3416 4146 3463 4198 1,
3488 4124 3615 4207 5η,
3636 4140 3758 4185 not.

865 4236 925 4294 3.
951 4232 1096 4293 eod.
1127 4232 1446 4307 Theodoti„
1475 4230 1518 4291 l.
1551 4234 1660 4306 x1,
1689 4236 1778 4291 De
1804 4235 2052 4290 Annona
2079 4241 2137 4289 et
2156 4228 2444 4303 Tributis,
2473 4250 2545 4290 11.

861 4338 920 4393 4.
953 4340 1041 4394 De
1064 4334 1454 4397 condicionib.
1482 4333 1870 4413 αξιοι-..ὠὴ
1899 4334 2198 4409 Ῑὶιιάοτίΐ.,
2227 4354 2290 4414 p.
2323 4336 2465 4395 160.

862 4436 1546 4517 5.Fab1·etti.1nseript.‚
1576 4459 1639 4518 p.
1672 4440 1814 4499 657.

861 4541 922 4600 6.
951 4539 1098 4601 eod.
1125 4538 1376 4614 Theod„
1394 4540 1438 4599 l.
1467 4544 1522 4611 Ι,
1547 4540 1622 4601 de
1647 4538 2122 4613 officiuRectoris
2144 4538 2484 4619 provinciae.

863 4643 1226 4707 tumltu.
1256 4645 1602 4703 nov.'1'rev.
1644 4641 2019 4702 Constantino
2045 4646 2116 4700 A.
2152 4644 2240 4701 111
2270 4652 2329 4698 et
2362 4640 2589 4701 Licinio
2612 4644 2727 4701 1111
2762 4661 2914 4705 coss.
2942 4643 3087 4704 Cod.
3118 4581 3369 4715 Ttxeod„
3402 4641 3444 4699 1.
3476 4590 3599 4713 XI,
3624 4651 3670 4703 t.
3698 4642 3760 4719 1,

781 4746 866 4804 De
897 4750 1144 4805 Annona
1170 4758 1228 4805 et
1246 4744 1520 4810 Tributis.
2796 4813 2828 4825 ..

864 4848 924 4907 8.
1472 4888 1751 4905 ......
1781 4844 2116 4905 Habitatum
2153 4845 2411 4925 quinque
2450 4842 2595 4905 focis
2614 4890 2632 4921 ,
2670 4860 2731 4907 et

1463 4946 1733 5026 Quinque
1768 4946 1954 5008 bonos
1988 4948 2222 5009 solitum
2249 4950 2482 5011 Variam
2509 4948 2805 5011 dimittere
2842 4960 3056 5029 patres.

2710 5056 2935 5128 (Horat.
2958 5055 3095 5131 Ep„
3124 5050 3167 5110 1.
3200 5053 3251 5125 1,
3286 5068 3388 5131 ep.
3412 5058 3565 5125 xxv.)
