5080 6254
2127 661 2524 732 ..39-

925 829 978 919 5
1010 829 1162 897 Vll.
1201 831 1282 897 ln
1317 824 1706 898 undecima
1738 825 2108 923 pactione,
2147 849 2192 897 a
2215 822 2534 922 Sulpicio
2568 826 2760 896 Vero
2794 824 3039 914 facta¹‚
3068 841 3367 923 apparet
3387 829 3821 903 vocabulum

827 947 1260 1027 ,Lucensium
1309 945 1755 1044 Respublica.
1811 949 1914 1018 Ex
1975 946 2321 1018 Henzenii
2385 945 2738 1018 sententia
2760 1000 2783 1038 ,
2854 946 3276 1044 Respublica
3339 948 3539 1021 haud
3599 950 3821 1026 dubie

825 1063 1192 1162 publicum
1221 1091 1475 1164 agrum
1507 1063 1861 1162 significat
1886 1069 1934 1136 ⁸.
1965 1064 2110 1136 Sed
2143 1064 2318 1162 quid
2351 1089 2501 1136 esse
2533 1087 2791 1162 agrum
2814 1063 3185 1163 publicum
3214 1067 3507 1140 dicam?
3540 1073 3821 1167 Agrum

831 1211 1096 1286 nempe
1121 1188 1425 1258 civitatis
1444 1241 1464 1277 ,
1501 1186 1576 1259 id
1607 1201 1714 1258 est
1745 1201 1972 1258 terras
2003 1209 2258 1257 omnes
2293 1209 2472 1281 quas
2512 1185 2809 1282 quidem
2848 1185 3095 1260 civitas
3125 1189 3453 1287 proprias
3484 1213 3567 1260 ac
3597 1215 3817 1288 pecu-

827 1306 1036 1378 liares
1097 1306 1340 1380 habet.
1417 1312 1692 1381 Harum
1749 1307 1902 1380 aliae
1950 1305 2318 1405 vectigales
2341 1363 2362 1395 ‚
2422 1305 2575 1380 alioe
2636 1333 2778 1377 non
2841 1307 3209 1405 vectigales
3259 1323 3643 1383 censentur
3663 1364 3684 1399 ,
3736 1327 3816 1384 ut

831 1425 1050 1498 fidem
1083 1427 1356 1499 faciunt
1389 1428 1520 1499 ista
1557 1427 1756 1500 Pauli
1792 1423 2016 1498 verba
2041 1428 2063 1464 ³
2102 1451 2120 1496 ε
2173 1454 2210 1494 <c
2241 1427 2430 1523 Agri
2455 1427 2821 1496 civitatum
2866 1426 2986 1498 alii
3018 1428 3390 1526 vectigales
3429 1446 3808 1524 vocantur,

831 1543 954 1616 alii
983 1545 1594 1644 non.·Vectigules
1638 1558 1989 1617 vocantur
2023 1521 2146 1641 qui
2199 1545 2272 1616 in
2321 1558 2755 1644 perpetuum
2794 1545 3155 1639 locantur,
3196 1548 3274 1620 id
3314 1563 3419 1620 est
3458 1549 3597 1624 hac
3628 1549 3809 1648 lege,

833 1677 910 1734 ut
951 1663 1231 1734 tamdiu
1281 1689 1417 1762 pro
1469 1663 1608 1736 illis
1658 1662 1958 1760 vectigal
2019 1661 2416 1761 pendatur,
2484 1663 2833 1759 quamdiu
2890 1690 3125 1764 neque
3188 1667 3398 1765 ipsis,
3454 1669 3583 1765 qui
3636 1694 3814 1768 conf-

829 1783 1202 1876 duxerint,
1249 1809 1486 1883 neque
1511 1786 1668 1876 his,
1713 1785 1840 1882 qui
1889 1787 1963 1855 in
2003 1785 2248 1857 locum
2279 1809 2535 1858 eorum
2576 1786 3086 1876 successerint,
3124 1787 3383 1860 auferri
3416 1813 3542 1860 eos
3578 1789 3809 1866 liceat.

829 1907 996 1976 Non
1040 1902 1407 2000 vecu'gales
1451 1918 1622 1976 sunt
1651 1959 1674 1996 ,
1723 1904 1852 2001 qui
1907 1905 2008 1975 ita
2058 1902 2349 1975 colendi
2389 1904 2679 1998 dantur,
2748 1921 2829 1976 ut
2871 1905 3211 2004 privatim
3259 1931 3471 2004 agros
3524 1923 3813 1982 nostros

828 2019 1174 2093 colendos
1211 2020 1384 2094 dare
1415 2022 1754 2094 solemus.
1793 2022 1934 2110 Qui
1971 2023 2046 2094 in
2081 2037 2512 2121 perpetuum
2542 2022 2851 2094 fundum
2888 2023 3274 2098 fruendum
3313 2027 3816 2102 conduxerunt

827 2163 872 2212 a
901 2141 1386 2242 municipibus
1409 2197 1428 2234 ,
1468 2142 1798 2240 quamvis
1829 2167 1980 2214 non
2027 2139 2431 2215 efficiantur
2464 2143 2742 2214 domini
2764 2199 2785 2238 ,
2826 2158 3065 2218 tamen
3100 2146 3369 2246 placuit
3398 2165 3813 2249 competere

827 2261 1030 2334 eisin
1060 2285 1216 2333 rem
1247 2265 1607 2336 actionem
1639 2263 1986 2336 adversus
2016 2265 2345 2361 quemvis
2373 2289 2859 2366 possessorem
2903 2297 2919 2337 :
2964 2267 3093 2340 sed
3130 2283 3203 2339 et
3237 2269 3577 2342 adversus
3617 2272 3813 2371 ipsos

827 2383 1253 2481 municipes.
1298 2413 1336 2452 n
1388 2383 1560 2456 Mihi
1631 2408 1805 2456 vero
1861 2385 2145 2456 videtur
2199 2385 2607 2458 Henzenius
2665 2408 2921 2456 vocem
2985 2386 3385 2482 respublica
3444 2413 3580 2460 nec
3644 2388 3815 2460 satis

827 2502 1229 2600 diligenter,
1258 2528 1396 2577 nec
1430 2505 1598 2576 satis
1623 2519 1786 2603 apte
1813 2503 2232 2576 definiendo
2259 2505 2705 2604 explicuisse.
2734 2508 2891 2576 Hoc
2914 2530 3048 2602 ego
3072 2504 3431 2579 vocabulo
3456 2505 3815 2605 designari

828 2624 1094 2722 opinor
1145 2627 1312 2722 agri
1343 2621 1622 2721 publici
1658 2640 1892 2695 cerrus
1943 2650 1996 2694 a
2039 2627 2321 2695 civitate
2349 2677 2369 2715 ,
2423 2624 2627 2720 cujus
2676 2624 2986 2724 propriae
3025 2638 3098 2698 et
3131 2627 3523 2724 peculiares
3556 2643 3762 2702 erant
3786 2685 3808 2720 ,

824 2742 1150 2833 dissitas,
1205 2744 1408 2840 cujus
1453 2744 1752 2842 quidem
1802 2745 1906 2816 rei
1954 2769 2263 2842 praesens
2303 2745 2667 2816 cernimus
2712 2744 3157 2844 exemplum,
3207 2747 3557 2843 quoniam
3606 2753 3813 2824 Lucae

825 2865 1126 2948 civitatis
1159 2879 1384 2938 terras
1410 2864 1485 2936 in
1524 2889 1696 2960 agro
1729 2862 1988 2938 Veleiae
2021 2865 2191 2936 sitas
2231 2863 2444 2936 fuisse
2475 2863 2717 2935 videre
2748 2878 2881 2936 cst.
2922 2867 3147 2935 Porro
3184 2864 3310 2960 qui
3351 2879 3573 2936 terras
3602 2865 3810 2936 vecti-

819 2984 1022 3080 gales
1049 2985 1593 3079 conducebant,
1635 2987 1880 3058 omnia
1911 2984 2047 3058 sihi
2080 2983 2542 3057 vindicabant
2572 2985 2793 3082 ipsius
2825 2984 3253 3081 possessoris
3270 2983 3436 3079 jura
3464 3011 3483 3074 ζ,
3508 3005 3619 3074 ac,
3655 2973 3808 3057 tum

825 3105 1176 3202 pactionis
1200 3106 1674 3205 perpetuitate
1695 3160 1715 3198 ,
1761 3119 1918 3177 tum
1952 3130 2042 3179 eo
2079 3103 2268 3177 facto
2298 3101 2500 3202 quod
2550 3102 2669 3175 ille
2709 3101 2835 3200 qui
2872 3126 3122 3199 agrurn
3154 3102 3501 3175 conducit
3522 3129 3806 3202 posses-

824 3228 977 3296 sori
1014 3250 1188 3296 vero
1233 3225 1448 3323 plane
1483 3226 1732 3298 similis
1767 3241 1976 3318 esset,
2017 3250 2106 3299 ea
2137 3223 2354 3296 fiebat
2415 3222 2772 3321 vectigales
2817 3240 3025 3295 terrae
3073 3223 3398 3296 conditio
3425 3276 3444 3314 ,
3496 3239 3578 3295 ut
3628 3216 3808 3299 nihil

824 3348 1142 3418 eveniret
1197 3346 1692 3438 incommodi,
1750 3348 1812 3418 si
1861 3346 2078 3441 longe
2111 3343 2394 3416 abesset
2435 3341 2530 3415 ab
2568 3342 2687 3414 illa
2724 3344 3043 3436 civitate,
3091 3344 3293 3439 cujus
3344 3343 3419 3414 in
3460 3357 3809 3441 potestate

825 3464 1265 3538 versabatur.
1331 3467 1532 3540 ldem
1593 3492 1766 3541 vero
1827 3467 1922 3539 de
1979 3470 2194 3539 terris
2249 3491 2394 3537 non
2462 3464 2908 3563 vectigalibus
2974 3464 3172 3542 haud
3228 3479 3419 3537 recte
3482 3464 3745 3537 dixeris
3784 3490 3803 3533 ι

824 3606 1027 3665 terrae
1049 3656 1052 3661 .
1071 3593 1268 3664 enim
1312 3591 1448 3663 illae
1480 3616 1659 3689 quas
1691 3616 1867 3690 ager
1886 3590 2218 3688 publicus
2251 3588 2731 3688 amplectitur,
2763 3614 2889 3662 seu
2918 3614 3149 3661 vacuoe
3182 3606 3415 3681 terrae,
3458 3614 3590 3661 seu
3616 3615 3808 3661 com-

825 3714 1233 3799 muniones,
1293 3736 1420 3783 seu
1465 3726 1674 3782 terrae
1723 3734 1870 3781 non
1913 3710 2281 3809 vectigales
2325 3708 2616 3801 iisdem,
2660 3722 2741 3787 ut
2778 3707 3040 3780 Paulus
3084 3710 3223 3798 ait,
3268 3707 3808 3783 conditionibus

823 3832 1221 3925 conductae,
1245 3832 1510 3930 quibus
1529 3832 1982 3930 privatorum
2009 3832 2184 3928 agri,
2213 3856 2349 3903 nec
2377 3828 2638 3903 dissitoe
2661 3854 2705 3901 a
2726 3828 3039 3919 civitate,
3078 3854 3213 3902 nec
3245 3828 3338 3901 ab
3361 3830 3477 3904 illa
3503 3830 3807 3901 omnino

825 3969 1166 4053 separatae
1191 3979 1344 4027 esse
1377 3952 1764 4027 debebant.

921 4078 1076 4148 Mea
1133 4077 1348 4171 igitur
1399 4075 1789 4168 sententia,
1848 4101 1990 4148 vox
2045 4072 2483 4171 respublica,
2551 4084 2633 4142 ut
2692 4068 2999 4142 affirmat
3056 4071 3499 4161 Henzenius,
3548 4096 3803 4168 agrum

817 4192 1178 4289 publicum
1228 4194 1576 4291 significat
1610 4222 1626 4265 ε
1667 4220 1803 4292 ego
1841 4220 2012 4268 vero
2049 4194 2437 4291 adjecerim
2475 4219 2492 4263 :
2521 4206 2814 4287 partem
2849 4190 3053 4263 illam
3094 4192 3260 4289 agri
3280 4188 3549 4287 publici
3574 4214 3733 4288 quae
3762 4216 3804 4259 e

823 4317 1038 4384 terris
1065 4314 1509 4415 vectigalibus
1541 4333 1846 4388 constat.

921 4438 1078 4504 Jam
1137 4448 1381 4507 autem
1436 4434 2004 4508 animadvertam
2030 4490 2050 4526 ,
2111 4432 2551 4507 vocabulum
2601 4430 2839 4504 solum
2877 4436 3223 4503 Lucenses
3268 4444 3341 4502 et
3386 4432 3805 4503 Lucensium

825 4554 1333 4652 rempublicam
1362 4554 1794 4653 significare.

902 4855 960 4911 ι.
993 4852 1117 4911 col.
1153 4858 1236 4929 11,
1263 4855 1306 4915 1.
1339 4856 1438 4916 20.

899 4956 962 5015 2.
992 4952 1249 5017 Henzen.
1280 4959 1521 5032 Annal„
1553 4962 1738 5033 1845,
1767 4956 1975 5041 ΒΜ.

905 5058 961 5115 3.
995 5059 1161 5138 Dig.,
1187 5058 1295 5122 lib.
1327 5064 1430 5135 VI,
1457 5060 1544 5125 tit.
1572 5082 1668 5121 ιιι.
1700 5060 1938 5121 Paulus.
1966 5062 2038 5120 L.
2075 5060 2178 5135 21,
2211 5058 2289 5118 ad
2310 5056 2587 5116 edictum.
