<?xml version="1.0" encoding="UTF-8"?>
<!DOCTYPE html PUBLIC "-//W3C//DTD XHTML 1.0 Transitional//EN"
    "http://www.w3.org/TR/xhtml1/DTD/xhtml1-transitional.dtd">
<html xmlns="http://www.w3.org/1999/xhtml" xml:lang="en" lang="en">
 <head>
  <title>
</title>
<meta http-equiv="Content-Type" content="text/html;charset=utf-8" />
  <meta name='ocr-system' content='tesseract 3.04.00' />
  <meta name='ocr-capabilities' content='ocr_page ocr_carea ocr_par ocr_line ocrx_word'/>
</head>
<body>
  <div class='ocr_page' id='page_1' title='image "./detabulisalimen01desjgoog_0040.png"; bbox 0 0 5080 6254; ppageno 0'>
   <div class='ocr_carea' id='block_1_1' title="bbox 2603 694 2998 765">
    <p class='ocr_par' dir='ltr' id='par_1_1' title="bbox 2603 694 2998 765">
     <span class='ocr_line' id='line_1_1' title="bbox 2603 694 2998 765; baseline -0.003 -16"><span class='ocrx_word' id='word_1_1' title='bbox 2603 694 2998 765; x_wconf 68' lang='lat'><strong>...24-</strong></span> 
     </span>
    </p>
   </div>
   <div class='ocr_carea' id='block_1_2' title="bbox 1300 851 4380 3115">
    <p class='ocr_par' dir='ltr' id='par_1_2' title="bbox 1300 851 4292 2395">
     <span class='ocr_line' id='line_1_2' title="bbox 1302 851 4282 955; baseline -0.001 -28"><span class='ocrx_word' id='word_1_2' title='bbox 1302 859 1453 927; x_wconf 88' lang='lat' dir='ltr'><strong>nim</strong></span> <span class='ocrx_word' id='word_1_3' title='bbox 1516 880 1907 955; x_wconf 87' lang='lat' dir='ltr'><strong>puerorum</strong></span> <span class='ocrx_word' id='word_1_4' title='bbox 1964 855 2229 952; x_wconf 89' lang='lat' dir='ltr'><strong>quibus</strong></span> <span class='ocrx_word' id='word_1_5' title='bbox 2294 854 2513 927; x_wconf 89' lang='lat' dir='ltr'><strong>latam</strong></span> <span class='ocrx_word' id='word_1_6' title='bbox 2581 853 2793 933; x_wconf 84' lang='lat' dir='ltr'><strong>fuisse</strong></span> <span class='ocrx_word' id='word_1_7' title='bbox 2857 876 3072 951; x_wconf 86' lang='lat' dir='ltr'><strong>opem</strong></span> <span class='ocrx_word' id='word_1_8' title='bbox 3133 851 3446 923; x_wconf 82' lang='lat' dir='ltr'>declarat</span> <span class='ocrx_word' id='word_1_9' title='bbox 3497 852 3916 925; x_wconf 88' lang='lat' dir='ltr'><strong>Veleiatium</strong></span> <span class='ocrx_word' id='word_1_10' title='bbox 3969 851 4237 925; x_wconf 88' lang='lat' dir='ltr'><strong>Tabula</strong></span> <span class='ocrx_word' id='word_1_11' title='bbox 4263 907 4282 943; x_wconf 98' lang='lat'><strong>,</strong></span> 
     </span>
     <span class='ocr_line' id='line_1_3' title="bbox 1304 971 4288 1071; baseline -0.003 -20"><span class='ocrx_word' id='word_1_12' title='bbox 1304 982 1451 1059; x_wconf 70' lang='lat'><strong>245,</strong></span> <span class='ocrx_word' id='word_1_13' title='bbox 1484 975 1969 1049; x_wconf 86' lang='lat' dir='ltr'><strong>inscribuntur</strong></span> <span class='ocrx_word' id='word_1_14' title='bbox 2000 1001 2236 1047; x_wconf 86' lang='lat' dir='ltr'><strong>mares</strong></span> <span class='ocrx_word' id='word_1_15' title='bbox 2276 976 2615 1069; x_wconf 87' lang='lat' dir='ltr'><strong>legitimi,</strong></span> <span class='ocrx_word' id='word_1_16' title='bbox 2654 974 2986 1071; x_wconf 84' lang='lat' dir='ltr'><strong>legitimae</strong></span> <span class='ocrx_word' id='word_1_17' title='bbox 3019 971 3273 1070; x_wconf 84' lang='lat' dir='ltr'><strong>puellae</strong></span> <span class='ocrx_word' id='word_1_18' title='bbox 3305 972 3444 1061; x_wconf 77' lang='lat'><strong>343</strong></span> <span class='ocrx_word' id='word_1_19' title='bbox 3495 995 3724 1043; x_wconf 90' lang='lat' dir='ltr'><strong>unum</strong></span> <span class='ocrx_word' id='word_1_20' title='bbox 3759 997 3932 1045; x_wconf 85' lang='lat' dir='ltr'><strong>vero</strong></span> <span class='ocrx_word' id='word_1_21' title='bbox 3966 973 4288 1070; x_wconf 89' lang='lat' dir='ltr'><strong>spurium</strong></span> 
     </span>
     <span class='ocr_line' id='line_1_4' title="bbox 1302 1089 4290 1198; baseline -0.001 -29"><span class='ocrx_word' id='word_1_22' title='bbox 1302 1113 1370 1169; x_wconf 90' lang='lat' dir='ltr'><strong>et</strong></span> <span class='ocrx_word' id='word_1_23' title='bbox 1406 1121 1623 1168; x_wconf 88' lang='lat' dir='ltr'><strong>unam</strong></span> <span class='ocrx_word' id='word_1_24' title='bbox 1663 1096 2172 1169; x_wconf 84' lang='lat' dir='ltr'><strong>tantummodo</strong></span> <span class='ocrx_word' id='word_1_25' title='bbox 2204 1096 2522 1194; x_wconf 88' lang='lat' dir='ltr'><strong>spuriam</strong></span> <span class='ocrx_word' id='word_1_26' title='bbox 2559 1095 2636 1165; x_wconf 91' lang='lat' dir='ltr'><strong>in</strong></span> <span class='ocrx_word' id='word_1_27' title='bbox 2683 1092 2886 1165; x_wconf 84' lang='lat' dir='ltr'><strong>titulo</strong></span> <span class='ocrx_word' id='word_1_28' title='bbox 2925 1093 3145 1198; x_wconf 80' lang='lat' dir='ltr'><strong>ipsius</strong></span> <span class='ocrx_word' id='word_1_29' title='bbox 3181 1089 3468 1163; x_wconf 85' lang='lat' dir='ltr'><strong>Tabulae</strong></span> <span class='ocrx_word' id='word_1_30' title='bbox 3511 1093 3932 1190; x_wconf 78' lang='lat' dir='ltr'><strong>reperimuS.</strong></span> <span class='ocrx_word' id='word_1_31' title='bbox 3985 1096 4290 1165; x_wconf 81' lang='lat' dir='ltr'><strong>AEtatem</strong></span> 
     </span>
     <span class='ocr_line' id='line_1_5' title="bbox 1302 1210 4292 1312; baseline -0.001 -24"><span class='ocrx_word' id='word_1_32' title='bbox 1302 1216 1626 1289; x_wconf 82' lang='lat' dir='ltr'><strong>definivit</strong></span> <span class='ocrx_word' id='word_1_33' title='bbox 1668 1216 2071 1288; x_wconf 81' lang='lat' dir='ltr'>Hadrianus</span> <span class='ocrx_word' id='word_1_34' title='bbox 2103 1216 2223 1288; x_wconf 91' lang='lat' dir='ltr'><strong>cui</strong></span> <span class='ocrx_word' id='word_1_35' title='bbox 2260 1216 2409 1312; x_wconf 89' lang='lat' dir='ltr'><strong>jam</strong></span> <span class='ocrx_word' id='word_1_36' title='bbox 2452 1214 2649 1285; x_wconf 90' lang='lat' dir='ltr'><strong>nulla</strong></span> <span class='ocrx_word' id='word_1_37' title='bbox 2683 1212 3022 1285; x_wconf 87' lang='lat' dir='ltr'><strong>alimenta</strong></span> <span class='ocrx_word' id='word_1_38' title='bbox 3054 1210 3514 1301; x_wconf 79' lang='lat' dir='ltr'><strong>deberentur,</strong></span> <span class='ocrx_word' id='word_1_39' title='bbox 3567 1236 3864 1311; x_wconf 89' lang='lat' dir='ltr'><strong>remque</strong></span> <span class='ocrx_word' id='word_1_40' title='bbox 3897 1212 4292 1287; x_wconf 82' lang='lat' dir='ltr'><strong>Alexander</strong></span> 
     </span>
     <span class='ocr_line' id='line_1_6' title="bbox 1302 1333 4284 1432; baseline -0.001 -23"><span class='ocrx_word' id='word_1_41' title='bbox 1302 1342 1603 1410; x_wconf 87' lang='lat' dir='ltr'><strong>Severus</strong></span> <span class='ocrx_word' id='word_1_42' title='bbox 1660 1336 2114 1409; x_wconf 85' lang='lat' dir='ltr'><strong>confirmavit</strong></span> <span class='ocrx_word' id='word_1_43' title='bbox 2140 1340 2183 1407; x_wconf 84' lang='lat'><strong>¹.</strong></span> <span class='ocrx_word' id='word_1_44' title='bbox 2248 1335 2373 1407; x_wconf 85' lang='lat' dir='ltr'><strong>llla</strong></span> <span class='ocrx_word' id='word_1_45' title='bbox 2426 1347 2668 1406; x_wconf 89' lang='lat' dir='ltr'><strong>autem</strong></span> <span class='ocrx_word' id='word_1_46' title='bbox 2723 1347 2876 1405; x_wconf 89' lang='lat' dir='ltr'><strong>erat</strong></span> <span class='ocrx_word' id='word_1_47' title='bbox 2928 1334 3168 1432; x_wconf 88' lang='lat' dir='ltr'><strong>pueris</strong></span> <span class='ocrx_word' id='word_1_48' title='bbox 3225 1357 3586 1405; x_wconf 84' lang='lat' dir='ltr'><strong>annorum</strong></span> <span class='ocrx_word' id='word_1_49' title='bbox 3647 1350 3812 1407; x_wconf 87' lang='lat' dir='ltr'><strong>octo</strong></span> <span class='ocrx_word' id='word_1_50' title='bbox 3869 1350 3940 1405; x_wconf 92' lang='lat' dir='ltr'><strong>et</strong></span> <span class='ocrx_word' id='word_1_51' title='bbox 3997 1333 4284 1425; x_wconf 86' lang='lat' dir='ltr'><strong>decem,</strong></span> 
     </span>
     <span class='ocr_line' id='line_1_7' title="bbox 1303 1453 4290 1555; baseline -0 -26"><span class='ocrx_word' id='word_1_52' title='bbox 1303 1459 1555 1531; x_wconf 90' lang='lat' dir='ltr'><strong>decem</strong></span> <span class='ocrx_word' id='word_1_53' title='bbox 1608 1474 1679 1533; x_wconf 83' lang='lat' dir='ltr'><strong>et</strong></span> <span class='ocrx_word' id='word_1_54' title='bbox 1732 1472 2041 1554; x_wconf 88' lang='lat' dir='ltr'><strong>quatuor</strong></span> <span class='ocrx_word' id='word_1_55' title='bbox 2103 1456 2377 1555; x_wconf 77' lang='lat' dir='ltr'><strong>puellis,</strong></span> <span class='ocrx_word' id='word_1_56' title='bbox 2445 1453 2892 1527; x_wconf 83' lang='lat' dir='ltr'><strong>Henzenius²</strong></span> <span class='ocrx_word' id='word_1_57' title='bbox 2955 1455 3227 1525; x_wconf 81' lang='lat' dir='ltr'><strong>Lamae⁸</strong></span> <span class='ocrx_word' id='word_1_58' title='bbox 3287 1478 3607 1525; x_wconf 88' lang='lat' dir='ltr'><strong>errorem</strong></span> <span class='ocrx_word' id='word_1_59' title='bbox 3663 1468 3867 1525; x_wconf 86' lang='lat' dir='ltr'><strong>notat</strong></span> <span class='ocrx_word' id='word_1_60' title='bbox 3929 1456 4290 1553; x_wconf 82' lang='lat' dir='ltr'><strong>opinantis</strong></span> 
     </span>
     <span class='ocr_line' id='line_1_8' title="bbox 1303 1574 4286 1677; baseline -0 -27"><span class='ocrx_word' id='word_1_61' title='bbox 1303 1604 1565 1677; x_wconf 90' lang='lat' dir='ltr'><strong>pueros</strong></span> <span class='ocrx_word' id='word_1_62' title='bbox 1589 1580 2029 1676; x_wconf 87' lang='lat' dir='ltr'><strong>quicumque</strong></span> <span class='ocrx_word' id='word_1_63' title='bbox 2061 1602 2321 1648; x_wconf 89' lang='lat' dir='ltr'><strong>novem</strong></span> <span class='ocrx_word' id='word_1_64' title='bbox 2346 1598 2706 1647; x_wconf 89' lang='lat' dir='ltr'><strong>annorum</strong></span> <span class='ocrx_word' id='word_1_65' title='bbox 2733 1588 3016 1645; x_wconf 83' lang='lat' dir='ltr'><strong>aetatem</strong></span> <span class='ocrx_word' id='word_1_66' title='bbox 3041 1574 3505 1645; x_wconf 83' lang='lat' dir='ltr'><strong>excessissent</strong></span> <span class='ocrx_word' id='word_1_67' title='bbox 3523 1626 3542 1663; x_wconf 93' lang='lat'><strong>,</strong></span> <span class='ocrx_word' id='word_1_68' title='bbox 3580 1575 3964 1645; x_wconf 89' lang='lat' dir='ltr'><strong>Pertinacis</strong></span> <span class='ocrx_word' id='word_1_69' title='bbox 3995 1577 4286 1672; x_wconf 89' lang='lat' dir='ltr'><strong>quidem</strong></span> 
     </span>
     <span class='ocr_line' id='line_1_9' title="bbox 1302 1693 4292 1796; baseline -0 -27"><span class='ocrx_word' id='word_1_70' title='bbox 1302 1712 1627 1796; x_wconf 86' lang='lat' dir='ltr'><strong>tempore</strong></span> <span class='ocrx_word' id='word_1_71' title='bbox 1646 1752 1663 1785; x_wconf 92' lang='lat'><strong><em>‚</em></strong></span> <span class='ocrx_word' id='word_1_72' title='bbox 1706 1697 1975 1768; x_wconf 87' lang='lat' dir='ltr'><strong>nullam</strong></span> <span class='ocrx_word' id='word_1_73' title='bbox 2009 1695 2514 1768; x_wconf 86' lang='lat' dir='ltr'><strong>alimentorum</strong></span> <span class='ocrx_word' id='word_1_74' title='bbox 2547 1708 2828 1791; x_wconf 89' lang='lat' dir='ltr'><strong>partem</strong></span> <span class='ocrx_word' id='word_1_75' title='bbox 2860 1693 3242 1791; x_wconf 86' lang='lat' dir='ltr'><strong>accepisse.</strong></span> <span class='ocrx_word' id='word_1_76' title='bbox 3282 1696 3471 1787; x_wconf 87' lang='lat' dir='ltr'><strong>Ergo</strong></span> <span class='ocrx_word' id='word_1_77' title='bbox 3504 1694 3748 1765; x_wconf 83' lang='lat' dir='ltr'><strong>civitas</strong></span> <span class='ocrx_word' id='word_1_78' title='bbox 3779 1718 4292 1793; x_wconf 86' lang='lat' dir='ltr'><strong>romana-pau·-</strong></span> 
     </span>
     <span class='ocr_line' id='line_1_10' title="bbox 1300 1812 4290 1913; baseline 0.001 -28"><span class='ocrx_word' id='word_1_79' title='bbox 1300 1815 1591 1911; x_wconf 89' lang='lat' dir='ltr'><strong>peribus</strong></span> <span class='ocrx_word' id='word_1_80' title='bbox 1624 1816 1951 1911; x_wconf 86' lang='lat' dir='ltr'><strong>ingenuis</strong></span> <span class='ocrx_word' id='word_1_81' title='bbox 1972 1816 2233 1885; x_wconf 89' lang='lat' dir='ltr'><strong>victum</strong></span> <span class='ocrx_word' id='word_1_82' title='bbox 2262 1838 2397 1913; x_wconf 89' lang='lat' dir='ltr'><strong>pro</strong></span> <span class='ocrx_word' id='word_1_83' title='bbox 2418 1814 2833 1885; x_wconf 84' lang='lat' dir='ltr'><strong>necessitate</strong></span> <span class='ocrx_word' id='word_1_84' title='bbox 2859 1812 3351 1905; x_wconf 86' lang='lat' dir='ltr'><strong>distribuebat,</strong></span> <span class='ocrx_word' id='word_1_85' title='bbox 3377 1813 3612 1886; x_wconf 92' lang='lat' dir='ltr'><strong>donec</strong></span> <span class='ocrx_word' id='word_1_86' title='bbox 3636 1813 3790 1908; x_wconf 91' lang='lat' dir='ltr'><strong>ejus</strong></span> <span class='ocrx_word' id='word_1_87' title='bbox 3815 1829 4048 1885; x_wconf 89' lang='lat' dir='ltr'><strong>essent</strong></span> <span class='ocrx_word' id='word_1_88' title='bbox 4072 1817 4290 1887; x_wconf 82' lang='lat' dir='ltr'><strong>aetatis</strong></span> 
     </span>
     <span class='ocr_line' id='line_1_11' title="bbox 1303 1932 4289 2034; baseline 0.001 -28"><span class='ocrx_word' id='word_1_89' title='bbox 1303 1959 1463 2032; x_wconf 91' lang='lat' dir='ltr'><strong>quae</strong></span> <span class='ocrx_word' id='word_1_90' title='bbox 1491 1936 1814 2007; x_wconf 90' lang='lat' dir='ltr'><strong>laborem</strong></span> <span class='ocrx_word' id='word_1_91' title='bbox 1852 1936 2031 2007; x_wconf 87' lang='lat' dir='ltr'><strong>ferre</strong></span> <span class='ocrx_word' id='word_1_92' title='bbox 2064 1949 2331 2034; x_wconf 91' lang='lat' dir='ltr'><strong>posset.</strong></span> <span class='ocrx_word' id='word_1_93' title='bbox 2374 1933 2564 2005; x_wconf 89' lang='lat' dir='ltr'><strong>Nihil</strong></span> <span class='ocrx_word' id='word_1_94' title='bbox 2599 1932 2796 2032; x_wconf 89' lang='lat' dir='ltr'><strong>apud</strong></span> <span class='ocrx_word' id='word_1_95' title='bbox 2829 1934 3285 2027; x_wconf 81' lang='lat' dir='ltr'><strong>recentioreS,</strong></span> <span class='ocrx_word' id='word_1_96' title='bbox 3324 1958 3418 2006; x_wconf 88' lang='lat' dir='ltr'><strong>ne</strong></span> <span class='ocrx_word' id='word_1_97' title='bbox 3453 1932 3810 2006; x_wconf 88' lang='lat' dir='ltr'><strong>hodierno</strong></span> <span class='ocrx_word' id='word_1_98' title='bbox 3845 1933 4136 2033; x_wconf 87' lang='lat' dir='ltr'><strong>quidem</strong></span> <span class='ocrx_word' id='word_1_99' title='bbox 4173 1938 4289 2010; x_wconf 88' lang='lat' dir='ltr'><strong>die</strong></span> 
     </span>
     <span class='ocr_line' id='line_1_12' title="bbox 1305 2039 4282 2158; baseline 0.001 -28"><span class='ocrx_word' id='word_1_100' title='bbox 1305 2058 1500 2158; x_wconf 86' lang='lat' dir='ltr'><strong>apud</strong></span> <span class='ocrx_word' id='word_1_101' title='bbox 1546 2039 1716 2149; x_wconf 77' lang='lat' dir='ltr'><strong>noS,</strong></span> <span class='ocrx_word' id='word_1_102' title='bbox 1765 2078 2179 2154; x_wconf 85' lang='lat' dir='ltr'><strong>quanquam</strong></span> <span class='ocrx_word' id='word_1_103' title='bbox 2198 2113 2215 2146; x_wconf 92' lang='lat'><strong>,</strong></span> <span class='ocrx_word' id='word_1_104' title='bbox 2271 2053 2577 2155; x_wconf 86' lang='lat' dir='ltr'><strong>publicae</strong></span> <span class='ocrx_word' id='word_1_105' title='bbox 2625 2055 3065 2128; x_wconf 83' lang='lat' dir='ltr'><strong>liberalitatis</strong></span> <span class='ocrx_word' id='word_1_106' title='bbox 3111 2057 3589 2128; x_wconf 84' lang='lat' dir='ltr'><strong>consecratrix</strong></span> <span class='ocrx_word' id='word_1_107' title='bbox 3639 2056 3890 2129; x_wconf 87' lang='lat' dir='ltr'><strong>eadem</strong></span> <span class='ocrx_word' id='word_1_108' title='bbox 3937 2072 4010 2128; x_wconf 90' lang='lat' dir='ltr'><strong>et</strong></span> <span class='ocrx_word' id='word_1_109' title='bbox 4054 2060 4244 2132; x_wconf 84' lang='lat' dir='ltr'><strong>socia</strong></span> <span class='ocrx_word' id='word_1_110' title='bbox 4264 2116 4282 2152; x_wconf 95' lang='lat'><strong>,</strong></span> 
     </span>
     <span class='ocr_line' id='line_1_13' title="bbox 1304 2176 4286 2275; baseline 0 -24"><span class='ocrx_word' id='word_1_111' title='bbox 1304 2180 1740 2251; x_wconf 78' lang='lat' dir='ltr'><strong>sanctissima</strong></span> <span class='ocrx_word' id='word_1_112' title='bbox 1772 2179 2019 2275; x_wconf 87' lang='lat' dir='ltr'><strong>religio</strong></span> <span class='ocrx_word' id='word_1_113' title='bbox 2050 2180 2359 2251; x_wconf 81' lang='lat' dir='ltr'><strong>maxima</strong></span> <span class='ocrx_word' id='word_1_114' title='bbox 2399 2176 2753 2250; x_wconf 84' lang='lat' dir='ltr'><strong>beneficia</strong></span> <span class='ocrx_word' id='word_1_115' title='bbox 2792 2179 2868 2249; x_wconf 89' lang='lat' dir='ltr'><strong>in</strong></span> <span class='ocrx_word' id='word_1_116' title='bbox 2909 2179 3102 2249; x_wconf 88' lang='lat' dir='ltr'><strong>cives</strong></span> <span class='ocrx_word' id='word_1_117' title='bbox 3138 2202 3404 2273; x_wconf 84' lang='lat' dir='ltr'><strong>egenos</strong></span> <span class='ocrx_word' id='word_1_118' title='bbox 3429 2178 3773 2271; x_wconf 90' lang='lat' dir='ltr'><strong>contulit,</strong></span> <span class='ocrx_word' id='word_1_119' title='bbox 3811 2180 3942 2249; x_wconf 89' lang='lat' dir='ltr'><strong>ista</strong></span> <span class='ocrx_word' id='word_1_120' title='bbox 3967 2193 4286 2251; x_wconf 78' lang='lat' dir='ltr'><strong>veterum</strong></span> 
     </span>
     <span class='ocr_line' id='line_1_14' title="bbox 1302 2296 3342 2395; baseline -0.001 -26"><span class='ocrx_word' id='word_1_121' title='bbox 1302 2299 1745 2371; x_wconf 87' lang='lat' dir='ltr'><strong>institutione</strong></span> <span class='ocrx_word' id='word_1_122' title='bbox 1781 2297 2035 2369; x_wconf 88' lang='lat' dir='ltr'><strong>melius</strong></span> <span class='ocrx_word' id='word_1_123' title='bbox 2060 2298 2542 2395; x_wconf 83' lang='lat' dir='ltr'><strong>excogitatum</strong></span> <span class='ocrx_word' id='word_1_124' title='bbox 2575 2297 2786 2368; x_wconf 86' lang='lat' dir='ltr'><strong>fuisse</strong></span> <span class='ocrx_word' id='word_1_125' title='bbox 2818 2296 2998 2367; x_wconf 89' lang='lat' dir='ltr'><strong>mihi</strong></span> <span class='ocrx_word' id='word_1_126' title='bbox 3031 2296 3342 2367; x_wconf 89' lang='lat' dir='ltr'><strong>videtur.</strong></span> 
     </span>
    </p>

    <p class='ocr_par' dir='ltr' id='par_1_3' title="bbox 1304 2416 4380 3115">
     <span class='ocr_line' id='line_1_15' title="bbox 1402 2416 4290 2511; baseline 0 -23"><span class='ocrx_word' id='word_1_127' title='bbox 1402 2422 1453 2511; x_wconf 69' lang='lat' dir='ltr'>S</span> <span class='ocrx_word' id='word_1_128' title='bbox 1490 2423 1608 2488; x_wconf 88' lang='lat' dir='ltr'><strong>VI.</strong></span> <span class='ocrx_word' id='word_1_129' title='bbox 1654 2417 1871 2505; x_wconf 92' lang='lat' dir='ltr'><strong>Quod</strong></span> <span class='ocrx_word' id='word_1_130' title='bbox 1905 2417 1998 2488; x_wconf 87' lang='lat' dir='ltr'><strong>ad</strong></span> <span class='ocrx_word' id='word_1_131' title='bbox 2027 2416 2485 2489; x_wconf 65' lang='lat' dir='ltr'><strong>alimentariae</strong></span> <span class='ocrx_word' id='word_1_132' title='bbox 2523 2417 2986 2487; x_wconf 85' lang='lat' dir='ltr'><strong>institutionis</strong></span> <span class='ocrx_word' id='word_1_133' title='bbox 3019 2416 3710 2491; x_wconf 85' lang='lat' dir='ltr'><strong>administrationem</strong></span> <span class='ocrx_word' id='word_1_134' title='bbox 3742 2417 3996 2488; x_wconf 87' lang='lat' dir='ltr'><strong>attinet</strong></span> <span class='ocrx_word' id='word_1_135' title='bbox 4017 2470 4036 2504; x_wconf 94' lang='lat'><strong>,</strong></span> <span class='ocrx_word' id='word_1_136' title='bbox 4073 2441 4290 2489; x_wconf 89' lang='lat' dir='ltr'><strong>nemo</strong></span> 
     </span>
     <span class='ocr_line' id='line_1_16' title="bbox 1305 2534 4380 2634; baseline -0 -26"><span class='ocrx_word' id='word_1_137' title='bbox 1305 2538 1497 2634; x_wconf 85' lang='lat' dir='ltr'><strong>apud</strong></span> <span class='ocrx_word' id='word_1_138' title='bbox 1536 2553 1805 2608; x_wconf 86' lang='lat' dir='ltr'><strong>veteres</strong></span> <span class='ocrx_word' id='word_1_139' title='bbox 1831 2535 1923 2607; x_wconf 93' lang='lat' dir='ltr'><strong>de</strong></span> <span class='ocrx_word' id='word_1_140' title='bbox 1958 2535 2487 2633; x_wconf 86' lang='lat' dir='ltr'><strong>magistratibus</strong></span> <span class='ocrx_word' id='word_1_141' title='bbox 2520 2534 2980 2608; x_wconf 86' lang='lat' dir='ltr'><strong>alimentariis</strong></span> <span class='ocrx_word' id='word_1_142' title='bbox 3009 2534 3406 2633; x_wconf 89' lang='lat' dir='ltr'><strong>quidquam</strong></span> <span class='ocrx_word' id='word_1_143' title='bbox 3439 2535 3719 2633; x_wconf 89' lang='lat' dir='ltr'><strong>scripsit</strong></span> <span class='ocrx_word' id='word_1_144' title='bbox 3746 2562 3762 2604; x_wconf 71' lang='grc' dir='ltr'><strong><em>ε</em></strong></span> <span class='ocrx_word' id='word_1_145' title='bbox 3793 2554 4053 2632; x_wconf 87' lang='lat' dir='ltr'><strong>nempe</strong></span> <span class='ocrx_word' id='word_1_146' title='bbox 4093 2560 4304 2608; x_wconf 60' lang='lat' dir='ltr'><strong>man-v</strong></span> <span class='ocrx_word' id='word_1_147' title='bbox 4365 2542 4380 2553; x_wconf 87' lang='lat'>&#39;</span> 
     </span>
     <span class='ocr_line' id='line_1_17' title="bbox 1307 2655 4325 2753; baseline -0.001 -26"><span class='ocrx_word' id='word_1_148' title='bbox 1307 2655 1557 2727; x_wconf 85' lang='lat' dir='ltr'><strong>datum</strong></span> <span class='ocrx_word' id='word_1_149' title='bbox 1598 2655 1683 2727; x_wconf 88' lang='lat' dir='ltr'><strong>iis</strong></span> <span class='ocrx_word' id='word_1_150' title='bbox 1731 2669 1883 2727; x_wconf 87' lang='lat' dir='ltr'><strong>erat</strong></span> <span class='ocrx_word' id='word_1_151' title='bbox 1932 2669 2010 2727; x_wconf 87' lang='lat' dir='ltr'><strong>ut</strong></span> <span class='ocrx_word' id='word_1_152' title='bbox 2052 2656 2337 2727; x_wconf 80' lang='lat' dir='ltr'><strong>Caesaris</strong></span> <span class='ocrx_word' id='word_1_153' title='bbox 2387 2656 2684 2726; x_wconf 91' lang='lat' dir='ltr'><strong>nomine</strong></span> <span class='ocrx_word' id='word_1_154' title='bbox 2730 2680 2898 2727; x_wconf 90' lang='lat' dir='ltr'><strong>cum</strong></span> <span class='ocrx_word' id='word_1_155' title='bbox 2942 2656 3231 2752; x_wconf 88' lang='lat' dir='ltr'><strong>privatis</strong></span> <span class='ocrx_word' id='word_1_156' title='bbox 3273 2656 3835 2753; x_wconf 80' lang='lat' dir='ltr'><strong>paciscerentur3</strong></span> <span class='ocrx_word' id='word_1_157' title='bbox 3887 2656 4032 2725; x_wconf 88' lang='lat' dir='ltr'><strong>sive</strong></span> <span class='ocrx_word' id='word_1_158' title='bbox 4065 2662 4325 2750; x_wconf 80' lang='lat' dir='ltr'><strong>qunm‘</strong></span> 
     </span>
     <span class='ocr_line' id='line_1_18' title="bbox 1306 2773 4292 2874; baseline 0.001 -29"><span class='ocrx_word' id='word_1_159' title='bbox 1306 2776 1621 2874; x_wconf 84' lang='lat' dir='ltr'><strong>privatus</strong></span> <span class='ocrx_word' id='word_1_160' title='bbox 1656 2775 1923 2871; x_wconf 88' lang='lat' dir='ltr'><strong>aliquid</strong></span> <span class='ocrx_word' id='word_1_161' title='bbox 1962 2776 2359 2847; x_wconf 87' lang='lat' dir='ltr'><strong>institueret</strong></span> <span class='ocrx_word' id='word_1_162' title='bbox 2388 2774 2800 2865; x_wconf 88' lang='lat' dir='ltr'><strong>liberaliter,</strong></span> <span class='ocrx_word' id='word_1_163' title='bbox 2834 2776 2980 2848; x_wconf 83' lang='lat' dir='ltr'><strong>sive</strong></span> <span class='ocrx_word' id='word_1_164' title='bbox 3013 2775 3227 2847; x_wconf 87' lang='lat' dir='ltr'><strong>etiam</strong></span> <span class='ocrx_word' id='word_1_165' title='bbox 3257 2798 3486 2871; x_wconf 88' lang='lat' dir='ltr'><strong>quum</strong></span> <span class='ocrx_word' id='word_1_166' title='bbox 3517 2773 3609 2846; x_wconf 87' lang='lat' dir='ltr'><strong>ad</strong></span> <span class='ocrx_word' id='word_1_167' title='bbox 3644 2798 3994 2872; x_wconf 88' lang='lat' dir='ltr'><strong>pauperes</strong></span> <span class='ocrx_word' id='word_1_168' title='bbox 4029 2800 4292 2872; x_wconf 86' lang='lat' dir='ltr'><strong>pueros</strong></span> 
     </span>
     <span class='ocr_line' id='line_1_19' title="bbox 1306 2894 4292 2995; baseline -0 -29"><span class='ocrx_word' id='word_1_169' title='bbox 1306 2896 1415 2967; x_wconf 86' lang='lat' dir='ltr'><strong>vel</strong></span> <span class='ocrx_word' id='word_1_170' title='bbox 1460 2898 1947 2995; x_wconf 79' lang='lat' dir='ltr'><strong>Imperatoris,</strong></span> <span class='ocrx_word' id='word_1_171' title='bbox 2010 2910 2089 2966; x_wconf 89' lang='lat' dir='ltr'><strong>ut</strong></span> <span class='ocrx_word' id='word_1_172' title='bbox 2135 2897 2207 2966; x_wconf 92' lang='lat' dir='ltr'><strong>in</strong></span> <span class='ocrx_word' id='word_1_173' title='bbox 2260 2897 2519 2967; x_wconf 83' lang='lat' dir='ltr'><strong>nostris</strong></span> <span class='ocrx_word' id='word_1_174' title='bbox 2563 2896 2848 2967; x_wconf 89' lang='lat' dir='ltr'><strong>Tabulis</strong></span> <span class='ocrx_word' id='word_1_175' title='bbox 2868 2950 2887 2986; x_wconf 97' lang='lat'><strong>,</strong></span> <span class='ocrx_word' id='word_1_176' title='bbox 2941 2895 3053 2967; x_wconf 88' lang='lat' dir='ltr'><strong>vel</strong></span> <span class='ocrx_word' id='word_1_177' title='bbox 3105 2894 3554 2993; x_wconf 87' lang='lat' dir='ltr'><strong>municipalis</strong></span> <span class='ocrx_word' id='word_1_178' title='bbox 3603 2894 3968 2965; x_wconf 88' lang='lat' dir='ltr'><strong>deveniret</strong></span> <span class='ocrx_word' id='word_1_179' title='bbox 4011 2895 4292 2967; x_wconf 72' lang='lat' dir='ltr'><strong>munifi-</strong></span> 
     </span>
     <span class='ocr_line' id='line_1_20' title="bbox 1304 3013 4291 3115; baseline -0.001 -26"><span class='ocrx_word' id='word_1_180' title='bbox 1304 3020 1537 3089; x_wconf 83' lang='lat' dir='ltr'><strong>centia</strong></span> <span class='ocrx_word' id='word_1_181' title='bbox 1562 3020 1903 3115; x_wconf 89' lang='lat' dir='ltr'><strong>(namque</strong></span> <span class='ocrx_word' id='word_1_182' title='bbox 1943 3030 2015 3089; x_wconf 87' lang='lat' dir='ltr'><strong>et</strong></span> <span class='ocrx_word' id='word_1_183' title='bbox 2040 3040 2083 3087; x_wconf 90' lang='lat' dir='ltr'><strong>a</strong></span> <span class='ocrx_word' id='word_1_184' title='bbox 2109 3016 2517 3112; x_wconf 86' lang='lat' dir='ltr'><strong>municipiis</strong></span> <span class='ocrx_word' id='word_1_185' title='bbox 2555 3014 2968 3111; x_wconf 86' lang='lat' dir='ltr'><strong>largitiones</strong></span> <span class='ocrx_word' id='word_1_186' title='bbox 2997 3037 3528 3110; x_wconf 88' lang='lat' dir='ltr'><strong>nonnunquam</strong></span> <span class='ocrx_word' id='word_1_187' title='bbox 3559 3013 3908 3111; x_wconf 86' lang='lat' dir='ltr'><strong>profectas</strong></span> <span class='ocrx_word' id='word_1_188' title='bbox 3935 3039 4086 3086; x_wconf 91' lang='lat' dir='ltr'><strong>esse</strong></span> <span class='ocrx_word' id='word_1_189' title='bbox 4125 3016 4291 3086; x_wconf 88' lang='lat' dir='ltr'><strong>satis</strong></span> 
     </span>
    </p>
   </div>
   <div class='ocr_carea' id='block_1_3' title="bbox 1182 3133 4282 3237">
    <p class='ocr_par' dir='ltr' id='par_1_4' title="bbox 1182 3133 4282 3237">
     <span class='ocr_line' id='line_1_21' title="bbox 1182 3133 4282 3237; baseline 0 -29"><span class='ocrx_word' id='word_1_190' title='bbox 1182 3201 1191 3208; x_wconf 90' lang='lat'><strong>.</strong></span> <span class='ocrx_word' id='word_1_191' title='bbox 1304 3139 1811 3237; x_wconf 83' lang='lat' dir='ltr'><strong>compertum).</strong></span> <span class='ocrx_word' id='word_1_192' title='bbox 1856 3145 1942 3208; x_wconf 90' lang='lat' dir='ltr'><strong>At</strong></span> <span class='ocrx_word' id='word_1_193' title='bbox 1982 3138 2313 3235; x_wconf 88' lang='lat' dir='ltr'><strong>quamvis</strong></span> <span class='ocrx_word' id='word_1_194' title='bbox 2346 3138 2602 3208; x_wconf 89' lang='lat' dir='ltr'><strong>sileant</strong></span> <span class='ocrx_word' id='word_1_195' title='bbox 2631 3136 2724 3208; x_wconf 93' lang='lat' dir='ltr'><strong>de</strong></span> <span class='ocrx_word' id='word_1_196' title='bbox 2758 3135 3340 3208; x_wconf 87' lang='lat' dir='ltr'><strong>administrandis</strong></span> <span class='ocrx_word' id='word_1_197' title='bbox 3371 3133 3834 3206; x_wconf 89' lang='lat' dir='ltr'><strong>alimentariis</strong></span> <span class='ocrx_word' id='word_1_198' title='bbox 3871 3138 4282 3234; x_wconf 79' lang='lat' dir='ltr'><strong>scriptores,</strong></span> 
     </span>
    </p>
   </div>
   <div class='ocr_carea' id='block_1_4' title="bbox 1306 3253 4307 4433">
    <p class='ocr_par' dir='ltr' id='par_1_5' title="bbox 1306 3253 3918 3356">
     <span class='ocr_line' id='line_1_22' title="bbox 1306 3253 3918 3356; baseline -0.003 -24"><span class='ocrx_word' id='word_1_199' title='bbox 1306 3261 1545 3332; x_wconf 76' lang='lat' dir='ltr'><strong>multae</strong></span> <span class='ocrx_word' id='word_1_200' title='bbox 1579 3275 1816 3332; x_wconf 87' lang='lat' dir='ltr'><strong>tamen</strong></span> <span class='ocrx_word' id='word_1_201' title='bbox 1856 3259 2119 3331; x_wconf 88' lang='lat' dir='ltr'><strong>adsunt</strong></span> <span class='ocrx_word' id='word_1_202' title='bbox 2153 3258 2652 3356; x_wconf 88' lang='lat' dir='ltr'><strong>inscriptiones</strong></span> <span class='ocrx_word' id='word_1_203' title='bbox 2683 3281 2842 3353; x_wconf 87' lang='lat' dir='ltr'><strong>quae</strong></span> <span class='ocrx_word' id='word_1_204' title='bbox 2875 3280 3029 3326; x_wconf 90' lang='lat' dir='ltr'><strong>rem</strong></span> <span class='ocrx_word' id='word_1_205' title='bbox 3060 3255 3228 3327; x_wconf 71' lang='lat' dir='ltr'><strong>§atis</strong></span> <span class='ocrx_word' id='word_1_206' title='bbox 3259 3269 3498 3352; x_wconf 87' lang='lat' dir='ltr'><strong>aperte</strong></span> <span class='ocrx_word' id='word_1_207' title='bbox 3531 3253 3918 3326; x_wconf 86' lang='lat' dir='ltr'><strong>declarent.</strong></span> 
     </span>
    </p>

    <p class='ocr_par' dir='ltr' id='par_1_6' title="bbox 1306 3375 4307 4433">
     <span class='ocr_line' id='line_1_23' title="bbox 1402 3375 4290 3477; baseline -0.001 -27"><span class='ocrx_word' id='word_1_208' title='bbox 1402 3385 1451 3474; x_wconf 67' lang='lat' dir='ltr'>S</span> <span class='ocrx_word' id='word_1_209' title='bbox 1484 3385 1635 3450; x_wconf 87' lang='lat' dir='ltr'><strong>Vll.</strong></span> <span class='ocrx_word' id='word_1_210' title='bbox 1678 3386 1949 3477; x_wconf 87' lang='lat' dir='ltr'><strong>Nempe</strong></span> <span class='ocrx_word' id='word_1_211' title='bbox 1980 3378 2240 3452; x_wconf 81' lang='lat' dir='ltr'><strong>diversi</strong></span> <span class='ocrx_word' id='word_1_212' title='bbox 2272 3377 2551 3472; x_wconf 88' lang='lat' dir='ltr'><strong>generis</strong></span> <span class='ocrx_word' id='word_1_213' title='bbox 2581 3390 2785 3448; x_wconf 89' lang='lat' dir='ltr'><strong>erant</strong></span> <span class='ocrx_word' id='word_1_214' title='bbox 2813 3375 2912 3446; x_wconf 88' lang='lat' dir='ltr'><strong>illi</strong></span> <span class='ocrx_word' id='word_1_215' title='bbox 2944 3376 3414 3470; x_wconf 86' lang='lat' dir='ltr'><strong>magistratus.</strong></span> <span class='ocrx_word' id='word_1_216' title='bbox 3460 3376 3774 3446; x_wconf 87' lang='lat' dir='ltr'><strong>Primum</strong></span> <span class='ocrx_word' id='word_1_217' title='bbox 3795 3431 3814 3463; x_wconf 97' lang='lat'><strong>,</strong></span> <span class='ocrx_word' id='word_1_218' title='bbox 3857 3377 3930 3446; x_wconf 91' lang='lat' dir='ltr'><strong>in</strong></span> <span class='ocrx_word' id='word_1_219' title='bbox 3969 3401 4290 3473; x_wconf 90' lang='lat' dir='ltr'><strong>unaqua-</strong></span> 
     </span>
     <span class='ocr_line' id='line_1_24' title="bbox 1307 3497 4291 3596; baseline -0 -26"><span class='ocrx_word' id='word_1_220' title='bbox 1307 3525 1451 3596; x_wconf 88' lang='lat' dir='ltr'><strong>que</strong></span> <span class='ocrx_word' id='word_1_221' title='bbox 1490 3501 1815 3590; x_wconf 88' lang='lat' dir='ltr'><strong>civitate,</strong></span> <span class='ocrx_word' id='word_1_222' title='bbox 1854 3499 2361 3568; x_wconf 80' lang='lat' dir='ltr'><strong>alimentorum</strong></span> <span class='ocrx_word' id='word_1_223' title='bbox 2402 3501 2801 3588; x_wconf 65' lang='lat' dir='ltr'><strong>Quaestor-es</strong></span> <span class='ocrx_word' id='word_1_224' title='bbox 2841 3510 3082 3588; x_wconf 85' lang='lat' dir='ltr'><strong>erant,</strong></span> <span class='ocrx_word' id='word_1_225' title='bbox 3137 3521 3354 3593; x_wconf 90' lang='lat' dir='ltr'><strong>quem</strong></span> <span class='ocrx_word' id='word_1_226' title='bbox 3403 3497 3618 3569; x_wconf 89' lang='lat' dir='ltr'><strong>etiam</strong></span> <span class='ocrx_word' id='word_1_227' title='bbox 3669 3498 4163 3592; x_wconf 86' lang='lat' dir='ltr'><strong>magistratum</strong></span> <span class='ocrx_word' id='word_1_228' title='bbox 4207 3523 4291 3569; x_wconf 82' lang='lat' dir='ltr'><strong>ex</strong></span> 
     </span>
     <span class='ocr_line' id='line_1_25' title="bbox 1310 3615 4292 3714; baseline -0 -25"><span class='ocrx_word' id='word_1_229' title='bbox 1310 3620 1675 3691; x_wconf 84' lang='lat' dir='ltr'><strong>nonnullis</strong></span> <span class='ocrx_word' id='word_1_230' title='bbox 1724 3620 1947 3692; x_wconf 81' lang='lat' dir='ltr'><strong>titulis</strong></span> <span class='ocrx_word' id='word_1_231' title='bbox 1994 3619 2329 3689; x_wconf 91' lang='lat' dir='ltr'><strong>novimus</strong></span> <span class='ocrx_word' id='word_1_232' title='bbox 2365 3616 2457 3688; x_wconf 90' lang='lat' dir='ltr'><strong>ab</strong></span> <span class='ocrx_word' id='word_1_233' title='bbox 2501 3616 2754 3688; x_wconf 88' lang='lat' dir='ltr'><strong>iisdem</strong></span> <span class='ocrx_word' id='word_1_234' title='bbox 2800 3632 3073 3712; x_wconf 86' lang='lat' dir='ltr'><strong>gestum</strong></span> <span class='ocrx_word' id='word_1_235' title='bbox 3124 3617 3337 3688; x_wconf 82' lang='lat' dir='ltr'><strong>fuisse</strong></span> <span class='ocrx_word' id='word_1_236' title='bbox 3370 3615 3635 3713; x_wconf 91' lang='lat' dir='ltr'><strong>quibus</strong></span> <span class='ocrx_word' id='word_1_237' title='bbox 3683 3629 3753 3687; x_wconf 91' lang='lat' dir='ltr'><strong>et</strong></span> <span class='ocrx_word' id='word_1_238' title='bbox 3793 3642 3973 3686; x_wconf 81' lang='lat' dir='ltr'><strong>arca</strong></span> <span class='ocrx_word' id='word_1_239' title='bbox 4002 3615 4292 3714; x_wconf 76' lang='lat' dir='ltr'><strong>public-a</strong></span> 
     </span>
     <span class='ocr_line' id='line_1_26' title="bbox 1306 3736 4288 3835; baseline -0.001 -24"><span class='ocrx_word' id='word_1_240' title='bbox 1306 3741 1417 3811; x_wconf 84' lang='lat' dir='ltr'><strong>vel</strong></span> <span class='ocrx_word' id='word_1_241' title='bbox 1452 3745 1787 3814; x_wconf 67' lang='lat' dir='ltr'><strong>aerarium</strong></span> <span class='ocrx_word' id='word_1_242' title='bbox 1821 3741 1895 3810; x_wconf 90' lang='lat' dir='ltr'><strong>in</strong></span> <span class='ocrx_word' id='word_1_243' title='bbox 1929 3738 2337 3835; x_wconf 87' lang='lat' dir='ltr'><strong>municipiis</strong></span> <span class='ocrx_word' id='word_1_244' title='bbox 2370 3752 2441 3810; x_wconf 87' lang='lat' dir='ltr'><strong>et</strong></span> <span class='ocrx_word' id='word_1_245' title='bbox 2474 3737 2777 3809; x_wconf 90' lang='lat' dir='ltr'><strong>coloniis</strong></span> <span class='ocrx_word' id='word_1_246' title='bbox 2821 3736 3326 3809; x_wconf 80' lang='lat' dir='ltr'><strong>mandabatur.</strong></span> <span class='ocrx_word' id='word_1_247' title='bbox 3380 3737 3494 3809; x_wconf 90' lang='lat' dir='ltr'><strong>Sic</strong></span> <span class='ocrx_word' id='word_1_248' title='bbox 3539 3737 3836 3807; x_wconf 86' lang='lat' dir='ltr'><strong>Lucium</strong></span> <span class='ocrx_word' id='word_1_249' title='bbox 3877 3737 4288 3810; x_wconf 89' lang='lat' dir='ltr'><strong>Cominium</strong></span> 
     </span>
     <span class='ocr_line' id='line_1_27' title="bbox 1310 3857 4289 3954; baseline -0.001 -22"><span class='ocrx_word' id='word_1_250' title='bbox 1310 3864 1627 3932; x_wconf 87' lang='lat' dir='ltr'><strong>Firmum</strong></span> <span class='ocrx_word' id='word_1_251' title='bbox 1672 3861 1880 3932; x_wconf 90' lang='lat' dir='ltr'><strong>simul</strong></span> <span class='ocrx_word' id='word_1_252' title='bbox 1942 3883 2085 3930; x_wconf 88' lang='lat' dir='ltr'><strong>una</strong></span> <span class='ocrx_word' id='word_1_253' title='bbox 2131 3881 2283 3929; x_wconf 87' lang='lat' dir='ltr'><strong>esse</strong></span> <span class='ocrx_word' id='word_1_254' title='bbox 2320 3873 2364 3935; x_wconf 81' lang='lat' dir='ltr'>Q</span> <span class='ocrx_word' id='word_1_255' title='bbox 2396 3893 2409 3908; x_wconf 92' lang='lat'><strong>·</strong></span> <span class='ocrx_word' id='word_1_256' title='bbox 2443 3873 2578 3924; x_wconf 76' lang='lat' dir='ltr'><strong>AER</strong></span> <span class='ocrx_word' id='word_1_257' title='bbox 2604 3897 2619 3912; x_wconf 89' lang='lat'><strong>·</strong></span> <span class='ocrx_word' id='word_1_258' title='bbox 2659 3873 2742 3923; x_wconf 85' lang='lat' dir='ltr'><strong>ET</strong></span> <span class='ocrx_word' id='word_1_259' title='bbox 2778 3892 2792 3906; x_wconf 94' lang='lat'><strong>·</strong></span> <span class='ocrx_word' id='word_1_260' title='bbox 2827 3871 2988 3925; x_wconf 78' lang='lat' dir='ltr'><strong>ALm</strong></span> <span class='ocrx_word' id='word_1_261' title='bbox 3017 3857 3425 3946; x_wconf 71' lang='lat' dir='ltr'><strong>videmus⁸3</strong></span> <span class='ocrx_word' id='word_1_262' title='bbox 3479 3861 3558 3926; x_wconf 87' lang='lat' dir='ltr'><strong>L.</strong></span> <span class='ocrx_word' id='word_1_263' title='bbox 3599 3857 3975 3928; x_wconf 88' lang='lat' dir='ltr'><strong>Casurium</strong></span> <span class='ocrx_word' id='word_1_264' title='bbox 4023 3859 4289 3954; x_wconf 89' lang='lat' dir='ltr'><strong>Specu-</strong></span> 
     </span>
     <span class='ocr_line' id='line_1_28' title="bbox 1308 3976 4288 4072; baseline -0.002 -21"><span class='ocrx_word' id='word_1_265' title='bbox 1308 3981 1607 4053; x_wconf 72' lang='lat' dir='ltr'><strong>latorem</strong></span> <span class='ocrx_word' id='word_1_266' title='bbox 1654 3981 2102 4070; x_wconf 87' lang='lat' dir='ltr'><strong>Amerinum,</strong></span> <span class='ocrx_word' id='word_1_267' title='bbox 2165 3993 2209 4055; x_wconf 80' lang='lat' dir='ltr'>Q</span> <span class='ocrx_word' id='word_1_268' title='bbox 2248 4011 2262 4026; x_wconf 91' lang='lat'><strong>·</strong></span> <span class='ocrx_word' id='word_1_269' title='bbox 2304 3991 2433 4044; x_wconf 70' lang='lat' dir='ltr'><strong>Aac</strong></span> <span class='ocrx_word' id='word_1_270' title='bbox 2478 4011 2491 4024; x_wconf 94' lang='lat'><strong>·</strong></span> <span class='ocrx_word' id='word_1_271' title='bbox 2535 3991 2662 4042; x_wconf 74' lang='lat' dir='ltr'><strong>rvn</strong></span> <span class='ocrx_word' id='word_1_272' title='bbox 2706 4011 2719 4024; x_wconf 93' lang='lat'><strong>·</strong></span> <span class='ocrx_word' id='word_1_273' title='bbox 2767 3991 2852 4043; x_wconf 84' lang='lat' dir='ltr'><strong>ET</strong></span> <span class='ocrx_word' id='word_1_274' title='bbox 2887 4011 2911 4048; x_wconf 80' lang='lat'><strong>,·</strong></span> <span class='ocrx_word' id='word_1_275' title='bbox 2955 3991 3077 4044; x_wconf 66' lang='lat' dir='ltr'><strong>rec</strong></span> <span class='ocrx_word' id='word_1_276' title='bbox 3121 4012 3135 4026; x_wconf 92' lang='lat'><strong>·</strong></span> <span class='ocrx_word' id='word_1_277' title='bbox 3176 3978 3648 4066; x_wconf 70' lang='lat' dir='ltr'><strong>ALfflENTAn⁸3</strong></span> <span class='ocrx_word' id='word_1_278' title='bbox 3721 3979 3800 4044; x_wconf 86' lang='lat' dir='ltr'><strong>L.</strong></span> <span class='ocrx_word' id='word_1_279' title='bbox 3861 3976 4288 4072; x_wconf 82' lang='lat' dir='ltr'><strong>Pompeium</strong></span> 
     </span>
     <span class='ocr_line' id='line_1_29' title="bbox 1309 4079 4307 4191; baseline 0.001 -27"><span class='ocrx_word' id='word_1_280' title='bbox 1309 4098 1842 4168; x_wconf 86' lang='lat' dir='ltr'><strong>Herennianum</strong></span> <span class='ocrx_word' id='word_1_281' title='bbox 1880 4095 2440 4186; x_wconf 85' lang='lat' dir='ltr'><strong>Industriensem</strong></span> <span class='ocrx_word' id='word_1_282' title='bbox 2464 4147 2484 4185; x_wconf 90' lang='lat'><strong>,</strong></span> <span class='ocrx_word' id='word_1_283' title='bbox 2525 4105 2570 4167; x_wconf 81' lang='lat' dir='ltr'>Q</span> <span class='ocrx_word' id='word_1_284' title='bbox 2601 4079 2782 4158; x_wconf 54' lang='lat' dir='ltr'><strong>sAER</strong></span> <span class='ocrx_word' id='word_1_285' title='bbox 2815 4127 2828 4142; x_wconf 94' lang='lat'><strong>·</strong></span> <span class='ocrx_word' id='word_1_286' title='bbox 2863 4109 2902 4160; x_wconf 77' lang='grc' dir='ltr'>Ρ</span> <span class='ocrx_word' id='word_1_287' title='bbox 2936 4129 2950 4142; x_wconf 89' lang='grc'><em>·</em></span> <span class='ocrx_word' id='word_1_288' title='bbox 2985 4109 3068 4160; x_wconf 82' lang='grc' dir='ltr'><strong>ΕΤ</strong></span> <span class='ocrx_word' id='word_1_289' title='bbox 3105 4128 3120 4143; x_wconf 87' lang='grc'><em>·</em></span> <span class='ocrx_word' id='word_1_290' title='bbox 3153 4109 3315 4162; x_wconf 73' lang='lat' dir='ltr'><strong>ALlu</strong></span> <span class='ocrx_word' id='word_1_291' title='bbox 3341 4097 3385 4166; x_wconf 82' lang='lat'><strong>⁶.</strong></span> <span class='ocrx_word' id='word_1_292' title='bbox 3436 4093 3655 4181; x_wconf 87' lang='lat' dir='ltr'><strong>Quod</strong></span> <span class='ocrx_word' id='word_1_293' title='bbox 3689 4093 3982 4191; x_wconf 91' lang='lat' dir='ltr'><strong>quidem</strong></span> <span class='ocrx_word' id='word_1_294' title='bbox 4028 4119 4307 4172; x_wconf 86' lang='lat' dir='ltr'><strong>munus</strong></span> 
     </span>
     <span class='ocr_line' id='line_1_30' title="bbox 1310 4211 4294 4311; baseline 0.001 -29"><span class='ocrx_word' id='word_1_295' title='bbox 1310 4237 1570 4309; x_wconf 86' lang='lat' dir='ltr'><strong>magno</strong></span> <span class='ocrx_word' id='word_1_296' title='bbox 1618 4216 1691 4284; x_wconf 91' lang='lat' dir='ltr'><strong>in</strong></span> <span class='ocrx_word' id='word_1_297' title='bbox 1744 4214 2023 4286; x_wconf 88' lang='lat' dir='ltr'><strong>honore</strong></span> <span class='ocrx_word' id='word_1_298' title='bbox 2074 4213 2285 4284; x_wconf 84' lang='lat' dir='ltr'><strong>fuisse</strong></span> <span class='ocrx_word' id='word_1_299' title='bbox 2335 4211 2644 4301; x_wconf 84' lang='lat' dir='ltr'><strong>videtur,</strong></span> <span class='ocrx_word' id='word_1_300' title='bbox 2702 4235 2966 4309; x_wconf 90' lang='lat' dir='ltr'><strong>quum,</strong></span> <span class='ocrx_word' id='word_1_301' title='bbox 3022 4215 3095 4284; x_wconf 89' lang='lat' dir='ltr'><strong>in</strong></span> <span class='ocrx_word' id='word_1_302' title='bbox 3151 4213 3583 4311; x_wconf 90' lang='lat' dir='ltr'><strong>quibusdam</strong></span> <span class='ocrx_word' id='word_1_303' title='bbox 3630 4213 4068 4303; x_wconf 82' lang='lat' dir='ltr'><strong>civitatibus,</strong></span> <span class='ocrx_word' id='word_1_304' title='bbox 4126 4215 4294 4304; x_wconf 68' lang='lat' dir='ltr'><strong>viris</strong></span> 
     </span>
     <span class='ocr_line' id='line_1_31' title="bbox 1312 4331 4290 4433; baseline 0.001 -32"><span class='ocrx_word' id='word_1_305' title='bbox 1312 4335 1607 4405; x_wconf 84' lang='lat' dir='ltr'><strong>summis</strong></span> <span class='ocrx_word' id='word_1_306' title='bbox 1643 4334 2102 4429; x_wconf 88' lang='lat' dir='ltr'><strong>dignitatibus</strong></span> <span class='ocrx_word' id='word_1_307' title='bbox 2134 4331 2527 4433; x_wconf 81' lang='lat' dir='ltr'><strong>perfunctis</strong></span> <span class='ocrx_word' id='word_1_308' title='bbox 2577 4331 2669 4403; x_wconf 90' lang='lat' dir='ltr'><strong>sit</strong></span> <span class='ocrx_word' id='word_1_309' title='bbox 2715 4331 3164 4404; x_wconf 84' lang='lat' dir='ltr'><strong>attributum.</strong></span> <span class='ocrx_word' id='word_1_310' title='bbox 3207 4334 3321 4406; x_wconf 92' lang='lat' dir='ltr'><strong>Sic</strong></span> <span class='ocrx_word' id='word_1_311' title='bbox 3347 4335 3632 4406; x_wconf 89' lang='lat' dir='ltr'><strong>Valerio</strong></span> <span class='ocrx_word' id='word_1_312' title='bbox 3668 4339 4128 4408; x_wconf 82' lang='lat' dir='ltr'><strong>Nomentano</strong></span> <span class='ocrx_word' id='word_1_313' title='bbox 4164 4335 4290 4430; x_wconf 89' lang='lat' dir='ltr'><strong>qui</strong></span> 
     </span>
    </p>
   </div>
   <div class='ocr_carea' id='block_1_5' title="bbox 1334 4586 2566 5175">
    <p class='ocr_par' dir='ltr' id='par_1_7' title="bbox 1334 4586 2566 5175">
     <span class='ocr_line' id='line_1_32' title="bbox 1399 4586 2402 4668; baseline 0.001 -23"><span class='ocrx_word' id='word_1_314' title='bbox 1399 4593 1447 4645; x_wconf 92' lang='grc'><strong>1.</strong></span> <span class='ocrx_word' id='word_1_315' title='bbox 1485 4586 1721 4664; x_wconf 88' lang='lat' dir='ltr'><strong>Ulpian.</strong></span> <span class='ocrx_word' id='word_1_316' title='bbox 1752 4587 1885 4668; x_wconf 86' lang='lat' dir='ltr'><strong>Dig.</strong></span> <span class='ocrx_word' id='word_1_317' title='bbox 1916 4591 2188 4662; x_wconf 81' lang='lat' dir='ltr'><strong>XXXIV,</strong></span> <span class='ocrx_word' id='word_1_318' title='bbox 2216 4592 2276 4662; x_wconf 79' lang='lat'><strong>1,</strong></span> <span class='ocrx_word' id='word_1_319' title='bbox 2303 4591 2402 4646; x_wconf 76' lang='lat'><strong>14.</strong></span> 
     </span>
     <span class='ocr_line' id='line_1_33' title="bbox 1390 4687 1653 4770; baseline 0.011 -23"><span class='ocrx_word' id='word_1_320' title='bbox 1390 4693 1448 4749; x_wconf 72' lang='lat'><strong>2.</strong></span> <span class='ocrx_word' id='word_1_321' title='bbox 1480 4687 1653 4770; x_wconf 70' lang='lat' dir='ltr'><strong>Svn.</strong></span> 
     </span>
     <span class='ocr_line' id='line_1_34' title="bbox 1392 4797 1777 4870; baseline 0.01 -20"><span class='ocrx_word' id='word_1_322' title='bbox 1392 4797 1447 4852; x_wconf 88' lang='grc'><strong>3.</strong></span> <span class='ocrx_word' id='word_1_323' title='bbox 1488 4798 1552 4854; x_wconf 89' lang='lat' dir='ltr'><strong>P.</strong></span> <span class='ocrx_word' id='word_1_324' title='bbox 1588 4797 1687 4870; x_wconf 80' lang='lat'><strong>29,</strong></span> <span class='ocrx_word' id='word_1_325' title='bbox 1720 4798 1777 4854; x_wconf 88' lang='lat'><strong>3.</strong></span> 
     </span>
     <span class='ocr_line' id='line_1_35' title="bbox 1390 4897 2079 4974; baseline 0.006 -24"><span class='ocrx_word' id='word_1_326' title='bbox 1390 4899 1446 4950; x_wconf 70' lang='lat'><strong>4.</strong></span> <span class='ocrx_word' id='word_1_327' title='bbox 1480 4897 1717 4968; x_wconf 87' lang='lat' dir='ltr'><strong>Gruter,</strong></span> <span class='ocrx_word' id='word_1_328' title='bbox 1752 4916 1812 4974; x_wconf 90' lang='lat' dir='ltr'><strong>p.</strong></span> <span class='ocrx_word' id='word_1_329' title='bbox 1848 4899 1988 4968; x_wconf 64' lang='lat'><strong>39⁴,</strong></span> <span class='ocrx_word' id='word_1_330' title='bbox 2020 4899 2079 4954; x_wconf 87' lang='grc'><strong>8.</strong></span> 
     </span>
     <span class='ocr_line' id='line_1_36' title="bbox 1334 4998 2566 5076; baseline 0.002 -25"><span class='ocrx_word' id='word_1_331' title='bbox 1334 5049 1351 5068; x_wconf 70' lang='lat'>‚</span> <span class='ocrx_word' id='word_1_332' title='bbox 1389 4999 1448 5052; x_wconf 76' lang='lat'><strong>5.</strong></span> <span class='ocrx_word' id='word_1_333' title='bbox 1488 4998 1687 5068; x_wconf 87' lang='lat' dir='ltr'><strong>Grut.,</strong></span> <span class='ocrx_word' id='word_1_334' title='bbox 1712 5017 1773 5076; x_wconf 86' lang='lat' dir='ltr'><strong>p.</strong></span> <span class='ocrx_word' id='word_1_335' title='bbox 1807 4999 1989 5072; x_wconf 77' lang='lat'><strong>1092,</strong></span> <span class='ocrx_word' id='word_1_336' title='bbox 2021 5000 2077 5056; x_wconf 90' lang='grc'><strong>7.</strong></span> <span class='ocrx_word' id='word_1_337' title='bbox 2110 5029 2187 5042; x_wconf 91' lang='grc'><strong>--</strong></span> <span class='ocrx_word' id='word_1_338' title='bbox 2210 4998 2299 5056; x_wconf 83' lang='lat' dir='ltr'><strong>Cf.</strong></span> <span class='ocrx_word' id='word_1_339' title='bbox 2334 4999 2473 5069; x_wconf 84' lang='lat'><strong>386,</strong></span> <span class='ocrx_word' id='word_1_340' title='bbox 2506 4999 2566 5054; x_wconf 76' lang='lat'><strong>4.</strong></span> 
     </span>
     <span class='ocr_line' id='line_1_37' title="bbox 1390 5099 2393 5175; baseline 0.003 -19"><span class='ocrx_word' id='word_1_341' title='bbox 1390 5101 1449 5156; x_wconf 81' lang='lat'><strong>6.</strong></span> <span class='ocrx_word' id='word_1_342' title='bbox 1484 5099 1767 5175; x_wconf 70' lang='lat' dir='ltr'><strong>maffeius,</strong></span> <span class='ocrx_word' id='word_1_343' title='bbox 1799 5103 1945 5160; x_wconf 84' lang='lat' dir='ltr'><strong>Mus.</strong></span> <span class='ocrx_word' id='word_1_344' title='bbox 1981 5105 2223 5172; x_wconf 68' lang='lat' dir='ltr'><strong>Veron„</strong></span> <span class='ocrx_word' id='word_1_345' title='bbox 2254 5102 2393 5159; x_wconf 80' lang='lat'><strong>230.</strong></span> 
     </span>
    </p>
   </div>
  </div>
 </body>
</html>
