5080 6254
2171 688 2565 762 ...35-

874 878 1170 927 menum
1204 852 1545 927 libertum
1576 878 1789 927 suum
1814 909 1833 946 ,
1872 852 2174 953 professi
2200 866 2369 925 sunt
2390 894 2487 907 —
2510 850 2818 923 fundum
2854 853 3313 939 Quintiacum
3347 849 3849 939 Aurelianum,

868 971 1132 1045 collem
1163 972 1573 1045 Muletatem
1604 997 1773 1043 cum
1806 971 2026 1063 silvis,
2053 973 2292 1069 -qui
2330 987 2435 1043 est
2470 972 2544 1042 in
2569 969 2904 1063 Veleiate,
2944 996 3130 1069 pago
3156 968 3632 1061 Ambitrebi03
3674 966 3855 1041 adfi-

872 1090 1087 1163 nibus
1116 1095 1357 1165 Marco
1382 1092 1771 1165 Mommeio
1801 1091 2083 1181 Persico
2105 1148 2125 1183 ,
2152 1092 2387 1164 Satrio
2418 1094 2682 1163 Severo
2707 1105 2779 1161 et
2810 1091 3084 1188 populo
3105 1143 3125 1180 ,
3157 1104 3234 1155 Rs
3273 1090 3414 1161 108
3441 1092 3612 1161 000.
3644 1082 3854 1159 Acci-

870 1235 1043 1309 pere
1072 1209 1287 1284 debet
1321 1213 1514 1287 8692
1536 1212 1941 1284 sestertium
1965 1237 2350 1284 nummum
2374 1225 2445 1282 et
2470 1206 2779 1282 fundum
2807 1208 3370 1307 suprascriptum
3409 1204 3725 1301 obligare
3740 1208 3786 1276 ¹.
3815 1231 3850 1272 υ

970 1334 1051 1403 In
1088 1330 1231 1404 hoc
1263 1331 1513 1424 titulo,
1559 1334 1641 1403 C.
1676 1331 2146 1405 Volumnium
2170 1330 2583 1405 'Memorem
2622 1327 2980 1419 videmus»,
3021 1326 3130 1397 sui
3176 1325 3393 1423 ipsius
3429 1338 3500 1395 et
3531 1324 3856 1419 conjugis

873 1450 1277 1523 Volumnia:
1326 1450 1621 1523 nomine
1647 1506 1667 1540 ,
1720 1476 1851 1549 per
1887 1450 2225 1523 libertum
2258 1476 2467 1521 suum
2505 1447 3042 1520 Diadumenum
3076 1448 3132 1537 ⁸,
3183 1440 3504 1541 profiteri
3553 1440 3858 1513 fundum

872 1595 1087 1642 suum
1119 1572 1245 1669 qui
1289 1572 1717 1659 Quintiacus
1750 1572 2166 1645 Aurelianus
2222 1572 2507 1661 dicitur,
2565 1569 2814 1641 addito
2863 1566 3047 1638 colle
3097 1564 3431 1635 Muletate
3465 1588 3632 1634 cum
3665 1562 3856 1634 silvis

874 1689 1363 1787 adjacentibus
1385 1748 1405 1785 ,
1450 1693 1719 1790 quique
1752 1708 1827 1759 Hs
1862 1696 1999 1766 108
2029 1698 2170 1766 000
2205 1718 2280 1764 n.
2312 1708 2453 1787 est3
2494 1717 2643 1789 quo
2671 1691 2763 1761 de
2791 1687 3017 1761 fundo
3048 1685 3530 1785 hypothecam
3565 1681 3858 1755 deducit

876 1826 953 1879 ns
985 1812 1177 1885 8692
1222 1837 1335 1904 n.,
1376 1814 1645 1912 quippe
1678 1814 1804 1910 qui
1852 1814 2041 1890 hanc
2082 1814 2405 1912 pecuniae
2437 1836 2798 1884 summam
2840 1822 3262 1909 praesentem
3301 1804 3393 1877 ab
3424 1805 3855 1903 imperatore

872 1933 1263 2031 acceperit3
1304 1947 1546 2030 atque,
1587 1935 1994 2008 ut-Caesaris
2028 1933 2143 2005 isti
2184 1932 2463 2005 nummi
2502 1932 2680 2006 salvi
2719 1929 2932 2019 fiant,
2974 1926 3282 1999 fundum
3314 1952 3526 1997 suum
3561 1926 3857 1997 Volum-

870 2050 1037 2124 nius
1082 2053 1531 2151 oppignerat.
1582 2054 1892 2125 Pecunia
1942 2052 2193 2149 igitur‚
2240 2076 2459 2150 quam
2507 2052 2582 2122 in
2633 2074 3026 2149 puerorum
3073 2048 3410 2119 alimenta
3471 2044 3857 2144 quotannis

870 2166 1146 2242 solvere
1186 2168 1445 2263 debet,
1492 2173 1645 2245 haec
1688 2188 1795 2245 est
1832 2190 1908 2241 Rs
1935 2175 2082 2246 434
2114 2172 2229 2271 ᾗ,
2266 2198 2426 2271 quae
2459 2171 2756 2269 quidem
2793 2193 3007 2242 usura
3037 2169 3110 2240 in
3146 2165 3416 2239 Tabula
3448 2192 3598 2238 non
3635 2164 3854 2239 habe·

872 2302 989 2359 tur
1039 2290 1403 2390 inscripta.
1476 2292 1601 2365 Ille
1656 2308 1896 2366 autem
1957 2292 2224 2365 fundus
2278 2292 2564 2391 praediis
2625 2296 2722 2363 M.
2786 2288 3152 2361 Mommeii
3205 2287 3469 2359 Persici
3524 2301 3596 2358 et
3647 2287 3860 2358 Satrii

872 2407 1151 2500 Severi,
1208 2423 1421 2509 atque
1474 2412 1639 2483 loco
1690 2411 1984 2511 publico
2038 2412 2485 2483 terminatur.
2540 2410 2717 2482 Inde
2767 2423 2962 2507 patet
3005 2406 3155 2479 istis
3199 2406 3272 2476 in
3328 2404 3859 2503 hypothecariis

871 2525 1326 2622 pactionibus
1383 2529 1711 2601 eamdem
1779 2545 1995 2629 atque
2050 2531 2124 2601 in
2178 2530 2495 2602 censuali
2554 2527 2999 2627 professione
3053 2526 3380 2597 usitatam
3443 2523 3652 2594 fuisse
3713 2523 3856 2597 for-

872 2667 1069 2715 mam
1095 2647 1141 2716 '.
1198 2645 1341 2719 Sed
1387 2647 1566 2745 quid
1603 2648 1747 2720 hoc
1803 2649 2160 2723 vocabulo
2200 2666 2349 2721 ΡοΡ.
2400 2649 2757 2745 designari
2810 2672 2975 2718 vere
3033 2644 3339 2717 dixeris?
3387 2643 3852 2737 Muratorius‚

872 2766 1275 2837 Henzenius
1300 2780 1396 2854 et,
1435 2768 1513 2838 ni
1546 2767 1775 2859 fallor,
1808 2770 1961 2868 ipse
1982 2771 2498 2841 Mommsenius
2536 2772 2722 2839 viam
2754 2766 3136 2865 significari
3173 2764 3633 2837 arbitrantur.
3667 2769 3858 2836 Atta-

874 2908 1041 2955 men
1072 2887 1472 2958 Henzenius
1494 2911 1649 2958 non
1677 2887 1769 2960 de
1794 2892 1906 2959 νὶα
1931 2890 2085 2987 ipsa
2108 2889 2233 2960 sed
2258 2888 2350 2961 de
2374 2888 2746 2959 itineribus
2776 2910 3128 2985 pagorum
3154 2884 3266 2957 vel
3290 2885 3858 2981 municipiorum

874 3004 1332 3100 potissimum
1364 3007 1479 3103 agi
1508 3021 1775 3079 censet.
1812 3008 2093 3095 Quibus
2122 3021 2363 3079 autem
2394 3007 2647 3079 nititur
2677 3007 3152 3103 argumentiS‚
3191 3028 3274 3075 ea
3311 3004 3479 3075 satis
3524 3026 3859 3099 magnam

874 3120 1095 3194 fidem
1140 3123 1409 3200 habere
1447 3126 1789 3200 videntur
1820 3131 1864 3198 ⁸.
1921 3131 2003 3199 In
2044 3126 2382 3226 operibus
2423 3129 2994 3224 agrimensorum
3034 3125 3127 3198 de
3170 3124 3544 3198 itineribus
3583 3125 3859 3225 populo

874 3240 1328 3336 praestandiS,
1369 3259 1447 3314 ut
1494 3243 1593 3316 ait
1632 3244 2071 3335 Henzenius,
2127 3244 2508 3342 saepissime
2558 3242 2638 3313 fit
2679 3244 2978 3315 menti0.
3021 3242 3223 3314 Idem
3265 3240 3719 3314 doctissimus
3749 3243 3862 3315 vir

873 3358 1095 3432 verba
1140 3361 1273 3433 ista
1326 3362 1894 3455 frequentissime
1945 3378 2287 3463 usurpata
2341 3366 2413 3434 in
2460 3362 2678 3436 Libro
2713 3363 3180 3436 Coloniarum
3212 3367 3233 3401 ⁸
3277 3376 3800 3435 commemorat
3836 3387 3853 3431 ε

878 3506 914 3546 «
940 3481 1093 3550 Iter
1112 3483 1385 3578 populo
1415 3482 1720 3556 debetur
1743 3512 1781 3552 »
1818 3499 1944 3557 aut
1983 3513 2018 3554 t«
2048 3509 2199 3556 non
2235 3484 2580 3576 debetur3
2611 3515 2646 3552 ³)
2683 3484 2836 3556 haec
2867 3499 3112 3556 autem
3147 3507 3190 3555 a
3223 3483 3604 3554 Frontino⁸
3630 3506 3865 3556 excer-

876 3595 978 3692 pit
1019 3624 1036 3667 :
1086 3627 1119 3663 α
1149 3601 1403 3672 Omnis
1462 3600 1667 3673 limes
1720 3602 2166 3698 (secundum
2214 3603 2450 3700 legem
2499 3603 2950 3700 colonicam)
2986 3605 3230 3674 itineri
3257 3602 3547 3700 publico
3593 3604 3863 3676 seruire

874 3713 1131 3807 debet3
1166 3747 1201 3784 >2
1235 3733 1449 3816 atque
1483 3721 1635 3793 haec
1668 3722 1885 3794 etiam
1921 3721 2013 3794 ab
2048 3723 2329 3819 Hygino
2361 3727 2383 3761 “¹
2424 3750 2458 3790 c<
2490 3727 2623 3794 Per
2661 3722 2798 3794 hos
2829 3721 3346 3820 (decumanum
3383 3731 3454 3792 et
3492 3719 3865 3793 cardinem

956 3907 1015 3968 1.
1052 3907 1137 3968 ef.
1171 3907 1607 3988 inscriptionem
1629 3913 1834 3990 ipsam.
1866 3913 1990 3973 Col.
2020 3917 2071 3972 1.
3247 3986 3254 3994 ,

954 4007 1011 4064 2.
1054 4031 1081 4058 ι
1106 4009 1335 4087 Emptio
1366 4023 1425 4069 et
1468 4011 1621 4070 inter
1646 4011 1911 4072 absentes
1954 4013 2221 4072 contrahi
2252 4026 2443 4093 potest
2480 4025 2542 4072 et
2587 4031 2693 4092 per
2729 4011 3000 4071 nuntium
3043 4025 3102 4071 et
3141 4031 3246 4090 per
3289 4010 3525 4072 litteras.
3560 4037 3586 4064 ›-
3619 4011 3856 4072 Paulus.

868 4105 1095 4187 Digest.
1124 4113 1343 4186 xv111,
1372 4133 1417 4188 1,
1452 4117 1511 4173 1.

954 4212 1015 4270 3.
1052 4235 1079 4262 ι
1196 4255 1211 4270 .
1242 4215 1453 4272 Forma
1478 4216 1735 4275 censuali
1759 4229 2021 4288 cavetur,
2054 4230 2118 4276 ut
2146 4219 2271 4298 agri
2298 4217 2379 4276 sic
2406 4219 2467 4276 in
2494 4237 2732 4276 censum
2759 4217 3086 4276 reserantur
3113 4236 3128 4272 ;
3156 4233 3372 4274 nomen
3397 4213 3562 4273 fundi
3587 4213 3867 4294 cujusque

869 4307 1017 4368 etin
1046 4329 1163 4387 qua
1192 4312 1426 4374 civitate
1452 4329 1511 4374 et
1547 4335 1665 4394 quo
1693 4338 1845 4398 pago
1874 4319 1951 4378 sit
1980 4332 2037 4378 et
2062 4339 2209 4398 quos
2235 4319 2383 4379 duos
2408 4319 2632 4378 vicinos
2661 4319 2960 4397 proximos
2994 4315 3302 4377 habeat....
3341 4315 3550 4375 Omnia
3573 4316 3699 4398 ipse
3719 4362 3736 4392 ,
3765 4315 3870 4396 qui

871 4409 1081 4489 desert,
1110 4415 1367 4475 aestimet.
1395 4445 1419 4470 υ
1454 4420 1588 4500 Dig.
1621 4425 1692 4493 L,
1722 4442 1823 4492 xv,
1855 4424 1915 4478 4.

952 4515 1013 4572 4.
1049 4517 1305 4575 Henzen.
1436 4539 1581 4578 xvn.

956 4619 1015 4675 5.
1054 4618 1141 4676 ef.
1185 4517 1628 4697 Sicul.sFlacc.,
1668 4627 1756 4682 De
1791 4623 2228 4683 condicionibus
2261 4643 2560 4704 agrorum.
2595 4623 2912 4684 Gromatici
2939 4636 3168 4684 veteres
3195 4643 3270 4683 ex
3307 4623 3644 4683 recensione
3675 4622 3868 4684 Caroli

871 4717 1249 4778 Lachmanni.
1282 4722 1713 4802 Diagrammata
1738 4725 1923 4783 edidit
1948 4725 2253 4804 Adolphus
2278 4725 2637 4784 Rudorffius.
2666 4729 2946 4798 Bet-olim,
2980 4725 3159 4784 1848.
3197 4727 3323 4802 Ego
3345 4723 3406 4781 in
3437 4722 3614 4784 Sicul.
3645 4721 3864 4795 Hace„

872 4839 935 4897 p.
972 4823 1114 4895 146,
1158 4822 1281 4881 haec
1320 4824 1450 4904 lego
1482 4848 1497 4881 ι
1532 4852 1559 4879 α
1590 4829 1850 4901 ....Quae
1882 4847 2005 4887 non
2056 4829 2333 4888 uniuerso
2380 4827 2602 4906 populo
2649 4827 2859 4886 itinera
2897 4825 3142 4906 prestari
3175 4825 3483 4900 uidentur,
3528 4824 3629 4885 sed
3668 4825 3754 4884 eis
3790 4823 3868 4885 ul

870 4939 1123 4998 quorum
1153 4941 1331 5003 opera
1348 4969 1365 4999 ,
1390 4941 1449 4985 et
1474 4928 1557 4987 eis
1583 4929 1657 4988 ad
1678 4950 1928 5008 quorum
1958 4949 2126 5009 agros
2156 4951 2262 5010 per
2287 4950 2385 4990 eas
2412 4931 2535 4990 uias
2558 4929 2870 5010 peruenire
2899 4947 3135 4990 necesse
3159 4941 3266 4988 est.
3297 4954 3324 4982 υ

957 5025 1016 5082 6.
1052 5027 1142 5082 De
1168 5027 1591 5088 controversiis
1643 5049 1866 5110 agror„
1902 5032 2083 5107 Ibid„
2112 5054 2174 5112 p.
2208 5037 2306 5091 41.

958 5129 1015 5186 7.
1051 5127 1141 5188 De
1166 5125 1337 5191 limit.
1366 5131 1625 5208 constit„
1650 5135 1835 5208 Ihid„
1860 5137 1973 5208 td„
1995 5155 2057 5213 p.
2088 5137 2227 5195 168.
