5080 6254
2551 658 2926 729 ...4-..

1236 828 1699 919 pretaretur¹.
1758 826 1915 893 Hoc
1948 845 2084 918 pro
2118 832 2315 891 certo
2353 818 2756 891 habebatur
2797 820 2926 890 :2in
2962 844 3048 890 ea
3083 822 3288 917 quasi
3328 821 3638 893 indicem
3673 823 4022 894 contineri
4062 824 4223 895 fuu-

1238 940 1525 1033 dorum,
1562 942 1775 1014 simul
1809 967 1980 1013 cum
2016 940 2535 1039 possidentium
2571 938 3012 1031 nominibuS,
3043 955 3114 1011 et
3141 941 3484 1038 cujusque
3519 941 3723 1013 fundi
3755 942 4224 1015 aestimatione

1238 1062 1571 1135 sestertiis
1604 1085 1977 1160 expressa3
2025 1061 2317 1131 eosdem
2352 1059 2618 1131 fundos
2650 1061 2724 1128 in
2757 1084 2978 1157 pagos
3013 1058 3222 1131 fuisse
3247 1059 3687 1154 distributOS,
3729 1086 3950 1161 pagos
3979 1077 4218 1133 autem

1237 1180 1329 1254 ad
1363 1182 1687 1279 quinque
1721 1183 2043 1252 civitates
2066 1234 2084 1268 ,
2124 1180 2437 1250 Veleiam
2463 1234 2480 1266 ,
2522 1177 2948 1249 Placentiam
2971 1234 2990 1269 ,
3037 1183 3360 1250 Parmam
3381 1234 3400 1269 ,
3449 1180 3866 1273 Libarnam,
3919 1184 4218 1254 Lucam·

1238 1330 1379 1402 que
1407 1303 1652 1376 referri
1684 1303 1987 1393 debere;
2026 1300 2125 1372 ibi
2158 1299 2472 1397 denique
2505 1298 2598 1370 de
2618 1298 2896 1394 Trajani
2929 1301 3383 1399 Imperatoris
3417 1326 3584 1397 erga
3617 1326 4015 1401 pauperum
4044 1302 4223 1400 legi-

1240 1426 1454 1497 timos
1486 1449 1750 1523 pueros
1780 1423 2277 1494 munificentia
2310 1420 2635 1509 tractari3
2666 1422 2816 1517 jam
2849 1422 3390 1520 Inscriptionem
3424 1422 3652 1513 illam,
3689 1424 3748 1493 si
3782 1438 3928 1495 tota
3965 1424 4218 1496 diluci-

1240 1539 1557 1632 daretur,
1584 1542 1829 1613 lumen
1858 1542 2103 1612 multis
2134 1541 2421 1611 maximi
2461 1542 2811 1611 momenti
2837 1540 3346 1637 quaestionibus
3380 1568 3530 1614 esse
3555 1542 3965 1637 allaturam;
4005 1560 4218 1641 atque

1239 1658 1409 1730 inde
1446 1675 1703 1732 notum
1736 1660 1891 1731 sore
1922 1658 2576 1757 quemadmodum,
2616 1658 2812 1756 apud
2851 1662 3250 1749 RomanOS,
3282 1686 3676 1756 egenorum
3715 1664 4011 1734 miseriae
4053 1664 4222 1735 sub·

1238 1778 1557 1851 levandae
1590 1779 1959 1877 provisum
1996 1790 2179 1848 esset
2202 1831 2219 1865 ,
2272 1801 2431 1873 quae
2480 1802 2652 1849 mox
2699 1776 2793 1851 ab
2833 1781 3268 1876 Imperatore
3311 1781 3386 1850 in
3419 1779 3722 1851 coloniis
3757 1796 3883 1853 aut
3917 1784 4219 1853 munici-

1236 1902 1373 2000 piis
1406 1898 1727 1996 ejusdem
1761 1900 1859 1969 rei
1896 1923 2108 1969 causa
2146 1899 2461 1969 instituta
2496 1914 2758 1971 essent.
4127 1993 4134 2001 .

1338 2024 1389 2115 S
1420 2024 1541 2090 XI.
1594 2024 1925 2090 Ceterum
1975 2019 2046 2087 in
2079 2016 2346 2088 Tabula
2397 2018 2627 2089 fuerat
2667 2018 3246 2091 animadversum
3291 2022 3544 2118 saepius
3589 2020 3681 2092 de
3719 2020 3955 2092 Veleia
4001 2044 4218 2117 quam

1242 2140 1331 2211 de
1368 2140 1617 2211 ceteris
1653 2136 2059 2209 civitatibus
2103 2136 2258 2207 fieri
2296 2140 2764 2209 mentionem.
2817 2139 3223 2239 Geographi
3265 2154 3504 2211 autem
3550 2140 3897 2212 hacteuus
3939 2141 4218 2213 aberra·

1240 2274 1488 2333 verant
1533 2260 1993 2355 conjicientes
2038 2257 2200 2354 quis
2253 2272 2433 2330 esset
2476 2258 2628 2353 ejus
2681 2260 2982 2331 civitatis
3015 2262 3268 2332 Veleiae
3314 2262 3522 2353 situS,
3582 2262 3674 2333 de
3719 2286 3862 2357 qua
3906 2263 4142 2333 Livius
4167 2266 4211 2353 ⁸,

1244 2359 1652 2477 Pliniusque
1684 2382 1707 2416 ⁸
1738 2380 2211 2476 scripserunt,
2266 2401 2631 2473 quamque
2677 2378 3092 2451 Cluverius⁴
3142 2378 3458 2450 declarat
3511 2403 3866 2474 nusquam
3927 2379 4220 2476 reperiri

1241 2526 1475 2601 posse.
1520 2500 1849 2598 Philippo
1884 2499 2119 2593 igitur,
2180 2498 2439 2568 Infanti
2482 2498 2708 2593 regio,
2745 2497 2937 2569 venit
2988 2498 3061 2568 in
3111 2513 3428 2569 mentem
3480 2512 3593 2588 ut,
3637 2497 3899 2594 quibus
3933 2499 4006 2569 in
4045 2497 4219 2567 locis

1239 2623 1519 2694 detecta
1568 2619 1793 2690 fuerat
1834 2618 2204 2714 inscriptio
2232 2671 2250 2705 ,
2308 2615 2404 2686 ibi
2451 2617 2689 2687 solum
2738 2616 3192 2689 effoderetur.
3251 2622 3405 2688 Hoc
3452 2630 3692 2688 autem
3744 2642 3936 2688 anno
3983 2618 4212 2707 1760,

1242 2766 1463 2839 quum
1505 2739 1659 2809 huc
1709 2738 1894 2836 ipse,
1950 2737 2191 2834 operis
2238 2735 2665 2832 inspiciendi
2715 2760 2964 2826 causa,
3019 2738 3350 2835 princeps
3391 2762 3468 2807 se
3513 2737 3960 2825 contulisset,
4002 2738 4072 2805 in
4101 2737 4219 2805 his

1240 2860 1533 2932 desertis
1564 2854 1973 2954 regionibus
1997 2856 2305 2951 ligneam
2342 2857 2654 2929 casulam
2689 2857 3192 2929 exstruendam
3226 2856 3362 2928 sibi
3391 2870 3609 2929 curat.
3645 2857 3763 2927 Rei
3793 2856 4120 2951 gerendae
4149 2870 4220 2927 et

1240 2978 1651 3054 effodiendo
1685 2976 1840 3049 solo
1873 2975 2257 3075 praeftcitur
2290 3000 2450 3047 can.
2482 2980 2729 3064 Costa3
2779 2976 3177 3073 diebusque
3209 3003 3360 3048 non
3394 2977 3488 3049 ita
3525 2976 3790 3067 multiS,
3833 2975 4220 3047 recluditur

1240 3118 1311 3176 et
1346 3099 1760 3198 ⁴agnoscitur
1810 3098 2103 3170 Basilica
2176 3097 2530 3194 primum,
2605 3120 2774 3168 mox
2829 3101 3128 3188 Forum,
3183 3096 3576 3187 AErarium,
3631 3100 3927 3168 Sacrum
3976 3097 4216 3168 Comi-

1240 3224 1454 3313 tium,
1513 3225 1787 3291 Domus
1848 3217 2249 3308 Pontificis,
2300 3218 2679 3314 Templum
2732 3218 2970 3306 Jovis,
3029 3217 3167 3289 alia
3201 3219 3370 3288 satis
3417 3218 3639 3288 multa
3685 3217 3874 3287 unde
3928 3218 4216 3311 agnosci

1241 3355 1517 3441 poterat
1556 3341 1915 3410 civitatem
1968 3337 2061 3407 ad
2112 3337 2417 3434 primam
2459 3339 2819 3408 Caesarum
2873 3350 3152 3408 aetatem
3192 3339 3574 3435 pertinere.
3630 3340 3787 3407 Jam
3831 3336 4222 3434 apparebat

1241 3461 1557 3533 Veleiam
1591 3483 1743 3530 esse
1778 3458 2137 3528 civitatem
2178 3483 2193 3524 :
2232 3469 2513 3526 exstant
2545 3455 2782 3527 adhuc
2819 3470 3012 3528 certa
3055 3456 3346 3552 vestigia
3373 3458 3652 3526 viarum
3706 3454 4018 3526 diversas
4059 3455 4218 3528 coeli

1242 3593 1478 3677 parte-s
1551 3575 2025 3674 spectantium
2050 3631 2068 3664 ‚
2139 3599 2333 3646 aenea
2395 3589 2465 3646 et
2522 3597 2922 3647 marmorea
2986 3588 3457 3646 monumenta
3522 3573 3928 3672 praeclaram
3989 3597 4218 3646 aureae

1324 3833 1351 3888 1
1368 3875 1382 3890 .
1412 3835 1581 3890 Doct.
1610 3831 1909 3890 Conradus
1935 3831 2213 3912 Stiglitius
2238 3832 2401 3906 cujus
2436 3835 2791 3906 rarissimum
2813 3834 3158 3912 opusculum
3193 3846 3279 3892 est
3307 3846 3387 3905 et,
3413 3852 3521 3911 pro
3541 3831 3825 3903 doctrina,
3851 3831 4022 3889 nimis
4049 3833 4218 3912 igno-

1244 3949 1387 4010 tum,
1418 3933 1789 3992 institutionis
1811 3934 1989 4012 ipsius
2014 3935 2135 3993 fere
2162 3935 2234 3994 ad
2264 3955 2461 3994 veram
2490 3937 2958 4015 explanationem
2985 3937 3251 4009 accessit,
3283 3937 3427 3996 sicut
3455 3956 3526 3994 ex
3552 3934 3653 3993 illo
3683 3937 4005 4012 fragmento
4029 3936 4218 3993 mani-

1242 4039 1445 4096 festum
1474 4059 1487 4094 ε
1526 4063 1551 4086 «ι
1576 4036 1983 4095 Misericordiae
2009 4051 2065 4095 et
2092 4039 2461 4097 humanitatis
2486 4039 2718 4098 adfectu
2737 4085 2752 4114 ,
2772 4041 3049 4114 Trajanus
3077 4047 3391 4120 Augustus,
3423 4052 3487 4097 ut
3510 4039 3860 4117 pauperibus
3889 4039 4218 4117 provincia-

1240 4161 1371 4200 rum
1398 4141 1599 4212 Italiae,
1618 4141 1699 4198 ita
1724 4142 2011 4219 praecipue
2036 4139 2223 4200 soboli
2244 4161 2441 4221 egenae
2468 4142 2710 4200 Veleiati
2729 4161 2900 4218 opem
2919 4141 3162 4212 laturus,
3179 4144 3384 4220 stipem
3411 4141 3473 4199 in
3493 4143 3617 4214 ejus
3629 4141 3901 4199 alimenta
3925 4140 4215 4218 ingentem

1241 4261 1482 4320 erogare
1512 4239 1866 4302 decreverat.
1914 4246 2106 4315 Quum
2132 4263 2275 4300 vero
2302 4246 2627 4322 Imperator
2662 4243 2819 4302 haud
2849 4245 2972 4303 sine
2997 4246 3222 4304 ratione
3247 4255 3530 4302 metueret
3553 4289 3568 4316 ,
3599 4263 3673 4302 ne
3702 4263 4062 4303 successores
4091 4251 4216 4302 Au-

1242 4344 1391 4423 gusti
1416 4343 1689 4401 alimenta
1716 4343 1813 4402 illa
1846 4344 2037 4404 inania
2066 4343 2377 4404 redderent
2401 4357 2576 4422 atque
2597 4345 2762 4404 irrita
2789 4367 2804 4402 2
2841 4347 3268 4425 possessoribus
3295 4347 3641 4424 praediorum
3672 4347 4042 4421 Velejatibus‚
4075 4367 4214 4425 pru-

1239 4443 1573 4502 dentissimo
1594 4445 1857 4515 consili0,
1884 4445 2159 4504 maximas
2187 4447 2564 4525 pecuniarum
2589 4467 2863 4516 summaS,
2883 4467 3003 4506 non
3023 4449 3228 4506 aerario
3251 4448 3500 4527 publico,
3529 4469 3636 4507 nec
3669 4451 3806 4507 fisco
3833 4454 3980 4527 Imp.
4015 4437 4115 4508 sed
4143 4450 4216 4508 de

1240 4565 1347 4603 suo
1374 4544 1567 4612 solvit,
1598 4565 1715 4622 quo
1745 4545 1957 4622 praedia
1985 4559 2044 4605 et
2066 4546 2275 4606 fundos
2301 4567 2435 4606 suos
2466 4549 2898 4627 profiterentur,
2919 4563 2978 4608 et
2998 4549 3323 4630 obligarent
3345 4550 3612 4630 vectigali
3641 4551 3890 4628 privato,
3923 4551 4078 4608 unde
4107 4551 4218 4608 ali-

1239 4659 1434 4706 menta
1466 4647 1745 4706 haberent
1772 4667 2059 4726 pauperes
2084 4655 2546 4708 commemoratae
2575 4651 2819 4708 civitatis
2847 4652 3014 4730 pueri
3042 4653 3391 4731 puellaeque,
3421 4653 3520 4730 qui
3541 4665 3846 4732 propterea
3875 4652 4216 4710 alimentarii

1240 4750 1299 4807 in
1326 4748 1545 4808 Tabula
1572 4761 1769 4808 nostra
1790 4763 2223 4828 nuncupantur,
2254 4752 2463 4810 rectius
2497 4752 2736 4811 alumni.
2769 4781 2794 4804 2»

1322 4853 1381 4911 2.
1420 4851 1576 4925 Lim,
1608 4851 1650 4909 l.
1683 4854 1879 4926 XXX,
1910 4873 1963 4908 c.
1996 4873 2057 4925 x,
2090 4853 2210 4912 etl.
2243 4857 2493 4929 xxxn‚
2523 4878 2578 4916 c.
2600 4877 2703 4914 xxx
2728 4870 2786 4916 et
2811 4878 2932 4916 xxi.

1329 4953 1386 5009 3.
1424 4949 1593 5024 Ptin„
1627 4950 1668 5011 l.
1706 4954 1814 5020 111,
1847 4971 1899 5007 c.
1932 4973 1993 5023 v,
2026 4963 2082 5008 et
2108 4950 2145 5010 l.
2172 4955 2302 5025 VII,
2323 4973 2375 5010 c.
2407 4976 2564 5014 xux.

1324 5057 1383 5110 4.
1416 5053 1649 5112 Cluver.
1680 5051 1848 5110 Italia
1876 5053 2137 5130 antiqua,
2170 5054 2209 5114 l.
2242 5059 2292 5128 1,
2323 5077 2375 5117 c.
2408 5079 2469 5136 x,
2488 5058 2640 5142 §ut
