5080 6254
2560 676 2952 751 *42*-

1280 850 1552 911 a‘come
1578 839 1851 930 cavalli,
1878 838 2085 926 muli,
2117 840 2321 929 asini,
2354 838 2558 928 buoi,
2590 840 2846 911 furono
2869 840 3045 912 detti
3076 845 3442 937 manc-1205.
3481 843 3838 941 Mancipio
3865 869 3986 918 era
4019 845 4254 918 altresi

1280 988 1315 1024 α
1340 957 1908 1055 un’espressione
1952 956 2089 1030 che
2127 957 2537 1031 diclliarava
2565 958 2894 1031 dominio
2925 984 2966 1031 e
2997 984 3327 1058 possesso
3359 961 3686 1035 immune
3721 962 3816 1035 da
3841 964 4254 1062 qualunque

1276 1108 1314 1144 α
1340 1076 1543 1149 srode
1562 1133 1578 1165 ,
1619 1102 1659 1147 e
1690 1077 1921 1149 libero
1955 1078 2049 1151 da
2084 1080 2253 1175 ogni
2286 1080 2614 1176 ipoteca3
2659 1080 2810 1152 cosi
2844 1104 3026 1177 pure
3053 1083 3173 1151 sai
3203 1084 3554 1179 mancipii
3571 1110 3726 1153 esse
3755 1082 4076 1180 significa
4099 1109 4250 1163 non

1275 1224 1316 1273 a⁴
1335 1210 1661 1292 soggetto
1684 1198 1751 1267 al
1778 1196 2104 1269 dominio
2130 1197 2367 1271 altrui.
2402 1203 2578 1269 Pare
2605 1198 2902 1296 dunque
2933 1198 3067 1270 che
3089 1202 3468 1297 mancipiis·
3499 1200 3604 1276 sia
3627 1202 3722 1275 da
3748 1203 4046 1302 leggersi
4071 1201 4252 1275 sulla

1274 1344 1312 1383 «c
1339 1330 1582 1387 nostra
1624 1314 1883 1387 Tavola
1916 1370 1935 1406 ‚
1992 1316 2233 1412 percio
2279 1316 2415 1389 che
2454 1332 2648 1389 sotto
2687 1316 2756 1389 la
2797 1319 3244 1417 espressione
3281 1344 3444 1389 cum
3493 1324 3871 1417 mancipiae
3910 1320 4249 1395 debbano

1275 1464 1311 1499 α
1336 1434 1727 1505 intendersi
1760 1458 1807 1505 o
1834 1432 1995 1529 que'
2018 1437 2283 1534 campi,
2312 1462 2359 1507 o
2394 1436 2555 1532 que'
2582 1437 2792 1529 servi,
2831 1462 2880 1509 o
2913 1437 3146 1533 quelle
3181 1437 3436 1532 bestie,
3469 1464 3516 1510 o
3541 1440 3778 1535 quelle
3803 1441 3920 1513 vie
3951 1440 4244 1513 addette

1274 1584 1309 1621 a
1334 1554 1402 1627 al
1432 1554 1657 1625 fondo
1682 1552 2075 1647 obbligato,
2107 1555 2173 1625 le
2201 1555 2395 1651 quali
2429 1580 2652 1627 erano
2677 1579 3050 1653 comprese
3079 1571 3272 1629 sotto
3301 1571 3554 1653 questo
3577 1560 4176 1653 nomegenericO.
4203 1588 4238 1625 n

1364 1678 1415 1769 S
1448 1677 1636 1749 XVI.
1674 1680 1753 1745 In
1786 1674 2327 1772 quadragesima
2358 1689 2615 1770 quarta
2638 1673 2967 1746 videmus
2992 1680 3070 1745 T.
3103 1678 3388 1747 Valium
3415 1682 3680 1750 Verum
3707 1680 3724 1714 ¹
3759 1672 4064 1749 fundum'
4093 1679 4244 1751 sive

1263 1794 1526 1867 saltum
1556 1793 2103 1867 Calventianum
2134 1794 2548 1865 Sextianum
2578 1818 2747 1865 cum
2777 1792 2972 1863 vadis
3003 1794 3346 1891 obligare.
3390 1794 3596 1867 Vada
3623 1810 3864 1869 autem
3889 1796 4244 1871 vocaban-

1263 1929 1381 1987 tur
1413 1914 1554 1987 loci
1588 1914 1714 1985 ubi
1756 1896 1941 2011 pons
1990 1938 2159 1983 cum
2210 1915 2548 2012 portorio
2589 1929 2780 2004 erat3
2831 1915 3070 1986 fundis
3105 1917 3358 2013 igitur,
3389 1916 3482 1989 de
3515 1916 3777 2014 quibus
3804 1918 4239 1991 vocabulum

1262 2030 1443 2103 vada
1474 2040 1859 2129 usurpatur
1886 2033 2259 2128 proximus
2290 2034 2493 2128 aquis
2524 2033 2702 2104 situs
2731 2032 3244 2106 adscribendus
3275 2048 3406 2106 est.

1360 2157 1439 2223 ln
1478 2152 1733 2225 eadem
1774 2151 2109 2249 pactione
2130 2154 2152 2189 ²
2182 2151 2525 2246 legimus:
2573 2181 2609 2221 «
2648 2176 2814 2224 cum
2857 2152 3242 2224 mer-idibus
3281 2153 3602 2227 omnibus
3651 2172 3729 2227 ec
3775 2154 4241 2229 alluvionibus

1251 2271 1546 2361 junctis.
1612 2302 1645 2337 n
1692 2271 2105 2343 Alluviones
2152 2285 2394 2343 autem
2438 2285 2640 2343 terrae
2686 2286 2854 2343 sunt
2904 2294 3081 2368 quas
3123 2274 3480 2370 Apennini
3520 2288 3870 2345 torrentes
3909 2274 4240 2374 abreptas

1258 2392 1399 2464 alio
1450 2391 1993 2464 transtulerunt.
2047 2394 2149 2461 Ex
2182 2414 2325 2486 qua
2363 2391 2974 2488 interpretatione,
3010 2390 3210 2488 quod
3235 2416 3480 2463 comes
3509 2394 3988 2489 Hieronymus
4020 2396 4238 2491 Aqui-

1255 2511 1420 2582 nius
1460 2509 1551 2580 de
1599 2507 1978 2581 meridibus
2017 2510 2347 2607 exposuit
2396 2532 2730 2603 magnam
2781 2511 3039 2609 accipit
3088 2510 3307 2585 fidem
3333 2513 3379 2583 ³.
3439 2513 3720 2585 Etenim
3768 2512 4237 2585 alluvionibus

1256 2630 1605 2728 palustres
1639 2630 1778 2701 loci
1813 2629 2121 2727 proximi
2148 2653 2303 2701 esse
2334 2628 2593 2700 solent.

1354 2752 1407 2841 S
1450 2752 1666 2819 xvtl.
1716 2752 1793 2817 In
1846 2748 2151 2844 septima
2204 2746 2547 2818 columna
2572 2749 2621 2836 ⁸,
2671 2745 2988 2819 secunda
3041 2745 3382 2845 obligatio
3429 2748 3710 2823 Tabulae
3757 2750 4036 2845 legitur,
4077 2775 4236 2847 quae

1254 2864 1549 2963 quidem
1581 2864 1852 2960 integra
1886 2888 1927 2935 a
1955 2862 2291 2935 Cornelio
2324 2862 2698 2935 Gallicano
2725 2862 2910 2934 sacta
2940 2876 3070 2934 est.

1347 2986 1401 3077 S
1447 2988 1696 3055 xvltt.
1744 2987 1977 3056 Pauca
2020 2982 2365 3080 amplius,
2406 3008 2568 3080 quae
2604 2982 2784 3053 mihi
2826 2981 3382 3079 Inscriptionem
3423 2981 3684 3078 legenti
3721 2998 4228 3074 occurrerunt,

1252 3104 1345 3176 de
1378 3103 1913 3200 magistratuum
1958 3102 2578 3175 alimentariorum
2618 3100 3236 3174 administratione
3279 3099 3586 3171 dicenda
3627 3113 3816 3170 sunt.
3861 3099 4234 3198 Plerasque

1248 3219 1532 3294 Tabulae
1565 3222 1932 3319 pactiones
1958 3245 2129 3292 sane
2164 3222 2481 3292 minores
2511 3221 2963 3316 magistratus
2995 3221 3464 3317 digesserunt,
3491 3219 3720 3316 qualis
3741 3235 3892 3292 erat
3911 3222 4236 3309 Quaestor

1253 3340 1747 3412 Alimentarius
1768 3339 2024 3410 Veleiae
2048 3340 2378 3428 civitatiS,
2413 3338 2527 3409 vel
2559 3343 2992 3409 Procurator
3017 3337 3542 3425 AlimentariuS‚
3569 3361 3798 3433 quum
3826 3338 4027 3411 fundi
4055 3339 4234 3412 obli-

1252 3460 1393 3556 gati
1442 3474 1641 3532 extra
1678 3460 2038 3531 civitatem
2083 3458 2397 3530 Veleiam
2438 3459 2558 3529 siti
2589 3471 2867 3551 essent3
2913 3480 3225 3553 namque
3267 3457 3757 3546 Procuratoris
3781 3457 3960 3552 juris
3995 3458 4234 3554 plures

1249 3579 1571 3654 civitates
1608 3592 1837 3650 erant.
1875 3581 2121 3665 Quum
2158 3593 2398 3650 autem
2432 3579 2804 3677 pactiones
2839 3577 3130 3673 majoris
3167 3576 3517 3648 momenti
3551 3589 3824 3664 essent,
3865 3599 3984 3646 eas
4009 3579 4234 3648 Cura-

1249 3715 1391 3794 tor,
1418 3702 1532 3773 vel
1562 3700 1802 3789 etiam,
1842 3699 2027 3771 sicut
2054 3701 2242 3788 15·““,
2270 3700 2463 3790 ΠΜ,
2494 3700 2576 3771 31
2593 3702 2686 3790 ·““,
2714 3712 2884 3789 etc.,
2921 3696 3294 3770 Praefectus
3319 3695 3816 3768 Alimentarius
3839 3693 4228 3791 obligabat.

1248 3821 1387 3899 Sed
1424 3846 1657 3922 neque
1680 3825 2133 3911 Quaestorum
2168 3843 2302 3892 nec
2327 3822 2914 3910 Procuratorum,
2938 3841 3176 3914 neque
3209 3816 3426 3888 etiam
3452 3819 3884 3888 Curatorum
3905 3818 4226 3906 nomina,

1247 3947 1547 4045 Trajauo
1584 3945 1980 4042 imperante
2005 3993 2024 4031 ‚
2064 3941 2135 4010 in
2184 3937 2407 4011 titulis
2450 3937 2733 4026 insunt;
2772 3950 3029 4009 contra
3061 3936 3307 4008 insunt
3349 3934 3648 4006 nomina
3682 3934 4182 4006 Praefectorum
4205 3991 4224 4025 ‚

1250 4067 1511 4166 quibus
1562 4089 1735 4138 sane
1759 4121 1778 4158 ,
1832 4076 1916 4134 ut
1972 4073 2144 4160 pote
2193 4055 2760 4156 praecellentibus
2814 4056 2982 4128 viris
3007 4111 3026 4145 ,
3097 4053 3428 4154 publicus
3485 4052 3616 4125 iste
3663 4051 3904 4126 honor
3951 4053 4232 4125 debitus

1251 4203 1427 4262 erat.
1458 4191 1755 4282 Semper
1778 4196 2019 4255 autem
2044 4180 2255 4252 fuisse
2281 4175 2582 4269 vectigal
2609 4172 2980 4270 quoddam
3011 4170 3428 4270 impositum
3457 4169 3694 4240 fundis
3715 4167 4022 4239 vidimus
4050 4191 4230 4265 quos

1253 4305 1573 4402 obligant
1606 4301 1953 4389 Praefecti3
1998 4297 2191 4372 unde
2231 4320 2381 4366 non
2420 4294 2741 4390 sequitur
2777 4291 3038 4362 fundos
3083 4314 3336 4362 omnes
3367 4287 3628 4385 quibus
3660 4286 3956 4384 vectigal
3995 4284 4231 4382 quod-

1252 4424 1423 4497 dam
1455 4423 1873 4522 impositum
1905 4443 1946 4490 a
1981 4415 2328 4489 Praesectis
2362 4437 2513 4484 esse
2544 4409 2932 4508 obligatos3
2973 4433 3310 4508 namque,
3349 4409 3420 4481 in
3457 4407 3888 4504 obligatione
3919 4406 4232 4503 septimae

1334 4683 1393 4737 ι.
1424 4677 1549 4736 col.
1586 4679 1687 4750 vl,
1721 4674 1764 4737 1.
1789 4674 1888 4730 8⁴.

1334 4783 1396 4944 ξ.
1426 4775 1779 4956 &deiri-2222
1793 4775 1970 4958 8Sssvl.
1996 4905 2078 4919 -
2092 4871 2179 4932 Cf.
2206 4875 2293 4930 De
2314 4869 2702 4928 Attuoionibus
2715 4875 3016 4949 Aggenum
3037 4866 3316 4930 Urbicum
3342 4887 3354 4923 ε
3379 4869 3465 4924 De
3483 4866 3754 4924 Controv.
3777 4881 3971 4942 agi-or.
3984 4908 4001 4936 ‚
4031 4880 4091 4938 p.
4125 4860 4226 4930 82,

1252 4983 1347 5046 ed.
1376 4979 1695 5052 Rudorffii,
1723 4977 1944 5049 Berol.,
1976 4976 2156 5033 1848.

1333 5088 1370 5143 ⁴
1426 5090 1492 5142 L.
1527 5084 1594 5140 31
1626 5092 1683 5140 et
1706 5097 1835 5157 sqq.
