5080 6254
2536 729 2929 800 ...42—

1252 910 1600 969 monstrat
1644 894 2113 965 Henzenius¹.
2176 892 2453 964 Eodem
2494 916 2724 981 ann0,
2778 891 3260 991 Neapolitanis
3305 892 3491 963 Actis
3528 889 4056 985 archaeologicis
4102 889 4235 960 ob-

1250 1018 1684 1089 servationes
1721 1014 2213 1085 Henzenianas
2250 1013 2547 1084 inseruit
2583 1016 2664 1083 R.
2701 1017 2779 1083 P.
2810 1014 3302 1083 Garruccius².

1348 1142 1399 1231 g
1454 1142 1637 1208 Xlll.
1698 1142 1778 1207 ln
1821 1136 2003 1206 Actis
2048 1150 2290 1208 autem
2344 1135 2653 1207 Instituti
2700 1135 3015 1225 romani,
3077 1133 3335 1205 eodem
3385 1136 3648 1222 anno⁸,
3696 1132 3940 1205 scribit
3976 1150 4047 1206 et
4085 1137 4237 1235 ipse

1250 1258 1764 1331 Mommsenius
1798 1256 1955 1352 quis
1988 1268 2202 1347 esset,
2250 1255 2323 1324 in
2358 1254 2825 1351 Hirpinorum
2867 1252 3183 1348 regione,
3222 1251 3551 1323 locorum
3585 1252 3780 1341 situS,
3815 1266 4017 1325 notat
4049 1280 4239 1353 quae-

1251 1380 1422 1451 dam
1452 1376 1884 1472 singillatim,
1918 1399 2149 1473 pauca
2186 1374 2277 1445 de
2308 1374 2648 1469 Ligurum
2685 1370 3178 1444 Baebianorum
3208 1371 3409 1462 lociS,
3449 1396 3734 1443 summo
3769 1397 3932 1443 cum
3962 1374 4236 1470 judicio

1252 1518 1323 1573 et
1357 1524 1613 1594 magna
1648 1498 2011 1588 doctrina,
2050 1496 2366 1593 exponit.

1352 1620 1402 1709 g
1433 1619 1615 1687 xlv.
1662 1620 1866 1685 Anno
1896 1615 2111 1702 1849,
2152 1614 2558 1685 Henzenius
2593 1612 2861 1709 aliquid
2894 1612 3153 1709 adjecit
3183 1611 3274 1683 de
3301 1612 3915 1685 administratione
3943 1613 4236 1686 alimen·

1254 1737 1430 1807 taria
1476 1736 1641 1807 suis,
1674 1732 2298 1805 observationibus
2347 1757 2542 1804 anno
2582 1735 2770 1805 1845
2814 1734 3117 1829 vulgatis
3134 1736 3178 1803 ⁴.
3238 1736 3394 1803 Jam
3445 1747 3517 1803 et
3568 1734 4065 1831 inscriptiones
4109 1734 4240 1806 ali-

1256 1872 1434 1953 quot
1466 1880 1553 1926 ex
1586 1878 1803 1952 opere
1836 1853 1909 1923 d.
1938 1852 2197 1923 Vi01ae³
2229 1852 2554 1948 protulit.
2589 1891 2688 1905 —-
2719 1857 2801 1922 In
2834 1838 3590 1923 Bruxellarumautem
3621 1851 4014 1925 Annalibus
4047 1878 4240 1924 non-

1258 1974 1434 2047 nihil
1472 1977 1811 2073 scriptum
1849 1986 1955 2043 est
1986 1996 2134 2068 quo
2169 1973 2513 2043 Henzenii
2551 1972 2643 2043 de
2681 1972 2820 2043 hac
2859 1997 2936 2045 re
2967 1971 3296 2044 doctrina
3338 1973 3827 2070 impugnatur.

1354 2100 1403 2189 g
1440 2099 1590 2166 XV.
1636 2100 1846 2165 Anno
1882 2096 2101 2183 1850,
2144 2090 2441 2163 Carolus
2464 2091 2642 2185 Zell,
2696 2094 2770 2164 in
2805 2091 3101 2164 Delectu
3137 2116 3268 2163 suo
3313 2092 3866 2191 Inscriptionum
3909 2118 4242 2166 romana·

1256 2243 1444 2304 rum,
1483 2241 1710 2314 pauca
1739 2216 1831 2286 de
1856 2213 2331 2284 Alimentariis
2362 2211 2730 2301 disseruit,
2777 2211 3001 2284 libros
3035 2213 3300 2283 multos
3334 2214 3691 2285 recensuit
3734 2214 3825 2286 ad
3865 2215 4055 2286 hanc
4089 2240 4240 2289 rem

1260 2338 1718 2435 pertinenteS,
1752 2336 2263 2433 specimenque
2295 2334 2667 2430 utriusque
2703 2335 3188 2431 inscriptionis
3229 2332 3530 2432 praebuit
3555 2336 3597 2405 ⁸.

1356 2461 1408 2549 S
1444 2460 1627 2527 XVI.
1696 2462 1902 2525 Anno
1944 2434 2169 2543 ⁴852,
2236 2466 2463 2524 totam
2518 2453 2862 2525 Tabulam
2911 2456 3246 2551 Ligurum
3316 2456 3623 2553 primm,
3693 2454 3973 2554 plenius
4023 2480 4240 2552 quam

1259 2590 1470 2647 antea
1518 2574 1671 2646 {ieri
1730 2588 2092 2672 potuerat,
2162 2588 2623 2671 expurgatam
2684 2575 3283 2672 emendatamque
3341 2576 3414 2646 in
3466 2600 3730 2671 magno
3774 2575 3897 2647 illo
3936 2600 4242 2673 corpore

1260 2695 1807 2792 inscriptionum
1842 2692 2473 2790 Neapolitanamm
2506 2693 2733 2764 edidit
2768 2695 3283 2765 Mommsenius
3307 2697 3353 2764 ⁰¹.

1358 2818 1397 2908 §
1430 2818 1643 2885 XVll.
1687 2813 2012 2909 Denique
2046 2814 2118 2882 in
2159 2812 2341 2883 libro
2377 2836 2622 2908 quem,
2665 2828 2831 2911 post
2867 2814 3255 2887 Beckerum
3289 2814 3546 2909 insigni
3575 2814 3938 2911 diligentia
3973 2812 4242 2912 perficit

1260 2932 1807 3031 MarquardtiuS,
1837 2932 2106 3030 aliquid
2142 2931 2396 3029 legitur
2417 2933 2505 3003 de
2530 2933 2982 3006 alimentaria
3015 2936 3488 3025 institutione,
3512 2933 3924 3007 brevissime
3947 2933 4241 3031 quidem

1260 3053 1385 3125 sed
1431 3052 1956 3125 accuratissime
2005 3052 2373 3150 scriptum.
2418 3050 2525 3121 lbi
2563 3050 2642 3121 fit
2669 3051 2760 3124 de
2800 3068 3100 3149 utraque
3132 3053 3397 3125 Tabula
3437 3055 3732 3142 mentio,
3795 3080 3926 3125 nec
3973 3076 4120 3122 non
4173 3066 4243 3122 et

1259 3171 1615 3244 indicatur
1650 3170 2001 3268 quidquid
2036 3171 2166 3242 fuit
2198 3170 2455 3243 eadem
2489 3170 2580 3241 de
2615 3197 2692 3243 re
2725 3174 2920 3269 prius
2954 3172 3385 3267 vulgatum⁸.

1358 3296 1410 3386 S
1466 3297 1715 3363 XVIll.
1786 3290 2067 3378 Quibus
2134 3305 2205 3361 et
2271 3289 2604 3362 addenda
2688 3306 2855 3361 sunt
2919 3292 3271 3363 nonnulla
3341 3317 3498 3388 quae
3568 3293 3660 3365 ad
3729 3293 4245 3367 alimentariam

1262 3413 1779 3484 institutionem
1847 3412 2207 3510 pertinent
2276 3435 2536 3508 opera,
2607 3434 3024 3508 quanquam
3093 3437 3347 3485 eorum
3412 3413 3595 3485 tituli
3653 3413 3744 3485 de
3813 3415 3967 3486 aliis
4031 3413 4243 3485 etiam
4339 3482 4346 3490 ,

1261 3530 1477 3601 rebus
1523 3529 1625 3600 ibi
1667 3529 2111 3626 disputatum
2165 3553 2316 3600 esse
2368 3528 2778 3621 declarant,
2841 3531 3046 3602 sicuti
3095 3546 3262 3605 sunt
3305 3556 3524 3630 opera
3580 3531 3992 3629 Spanhemii
4017 3535 4076 3620 ⁹,
4103 3527 4106 3534 ’
4132 3532 4247 3600 Pi-

1346 3823 1405 3876 1.
1439 3816 1670 3875 Bullett.
1708 3819 1984 3890 Gennaio,
2016 3818 2198 3887 1847,
2225 3837 2285 3896 p.
2312 3820 2367 3876 8.

1346 3921 1403 3976 2.
1440 3916 1673 3976 Bullett.
1702 3915 1909 3995 Napol.
1935 3927 2001 3974 n⁰
2028 3920 2298 3990 LXXIX,
2330 3938 2390 3996 p.
2425 3919 2524 3977 69.

1347 4025 1403 4080 3.
1436 4019 1667 4080 Bullett.
1700 4040 1847 4079 rom.
1860 4067 1877 4094 ,
1908 4023 2090 4093 1847,
2125 4020 2465 4080 novembre.

1345 4123 1404 4177 ⁴.
1434 4119 1826 4179 Additamenti
1856 4140 1891 4179 e
1918 4120 2237 4180 correzioni
2268 4121 2370 4179 all·
2395 4121 2636 4180 articolo
2678 4121 2829 4200 sugli
2871 4117 3131 4183 alimenti
3165 4124 3420 4205 pubblici
3447 4124 3541 4183 dei
3576 4123 3842 4182 Romani.
3875 4123 4084 4182 Annali
4121 4121 4251 4179 del·

1264 4221 1579 4280 l'lnstituto
1608 4220 1667 4277 di
1694 4220 2179 4298 corrispondenza
2199 4222 2454 4280 archeol.
2488 4226 2668 4281 1849.

1346 4318 1621 4380 5.·ΤὶνοΙί
1646 4319 1741 4377 nel
1772 4319 2052 4379 decennio
2078 4319 2234 4380 dalla
2251 4320 2589 4380 deviazione
2618 4323 2710 4381 del
2740 4324 2916 4383 fiume
2943 4325 3165 4386 Aniene
3192 4329 3288 4388 nel
3313 4330 3528 4388 traforo
3555 4327 3645 4385 del
3675 4340 3868 4386 monte
3890 4325 4095 4386 Catillo
4127 4347 4246 4384 ecc.

1265 4441 1375 4478 oon
1403 4420 1459 4478 la
1490 4421 1639 4479 serie
1670 4421 1729 4478 di
1756 4419 1972 4479 antich‘i
1998 4423 2359 4481 monumenti
2390 4423 2589 4486 scritti.

1349 4525 1405 4578 6.
1442 4523 1711 4582 Deiectus
1735 4523 2174 4604 inscriptionum
2202 4546 2574 4586 romanarum
2601 4549 2732 4589 cum
2753 4531 3140 4590 monumentis
3165 4532 3470 4613 legalibus»,
3493 4532 3673 4591 edidit
3694 4532 3932 4591 Carolus
3953 4531 4096 4604 zell,
4123 4551 4256 4609 pro·

1268 4627 1450 4684 sessor
1482 4625 1870 4684 universitatis
1900 4626 2421 4709 HeidelbergensiS.
2464 4631 2874 4709 Heidelbergae,
2904 4654 3150 4692 κυοῦσι..
3182 4669 3265 4680 --
3288 4638 3381 4694 Id.
3414 4632 3738 4692 Handbuch
3769 4633 3876 4710 der
3892 4633 4255 4690 Roemischen

1266 4727 1650 4807 Epigraphik,
1682 4729 2046 4808 Heidelberg,
2081 4752 2391 4802 uuonan,
2420 4732 2463 4791 l.
2490 4738 2571 4807 Π,
2608 4754 2668 4814 p.
2700 4737 2840 4794 292.

1352 4837 1407 4889 7.
1443 4831 1853 4911 Inscriptiones
1878 4835 2044 4914 regni
2076 4835 2437 4915 Neapolitani
2463 4837 2676 4898 latinae.
2707 4846 2939 4916 Lipsiae,
2975 4843 3153 4903 1852.

1353 4937 1411 4992 8.
1452 4934 1776 4994 Handbuch
1808 4935 1915 4996 der
1938 4939 2284 4999 roemischen
2313 4941 2734 5014 Alterthiimer,
2764 4945 2873 5004 111.
2906 4943 3104 5016 Theil,
3131 4963 3199 5000 11.
3231 4940 3588 5022 Abtheilung
3609 4943 3810 5014 (1853)
3842 4964 3853 4995 :
3887 4943 4007 4998 Der
4033 4943 4252 4999 Staats-

1270 5036 1569 5113 haushalt‚
1598 5043 1675 5098 11.
1710 5038 2015 5100 Abschnitt
2043 5065 2057 5099 z
2090 5042 2201 5102 Die
2226 5042 2535 5122 Ausgaben
2569 5043 2670 5103 des
2697 5048 2918 5105 Staates
2944 5048 3027 5125 (p.
3063 5047 3381 5121 112-118).

1354 5143 1412 5197 9.
1443 5140 1779 5220 Spanheim.
1821 5148 1911 5203 De
1937 5165 2047 5204 usu
2075 5159 2133 5206 et
2153 5147 2481 5226 praestantia
2507 5147 2920 5210 numismatum
2947 5147 3174 5208 dissert.
3205 5154 3283 5226 11,
3321 5169 3381 5227 p.
3415 5151 3551 5206 543.
