5080 6254
2100 664 2493 734 ...25-

816 827 1015 925 prius
1073 828 1393 898 Dictator
1448 826 1803 921 (namque
1874 826 2230 895 Nomento
2294 848 2464 896 suus
2516 848 2802 922 semper
2851 826 3171 898 Dictator
3227 827 3464 924 erat);
3525 824 3790 899 deinde

808 947 1294 1019 alimentarins
1344 950 1669 1032 Quaestor
1717 942 1909 1013 fuit-¹.
1972 946 2247 1015 Horum
2298 969 2470 1017 vero
2521 944 2701 1040 juris
2750 946 3226 1045 municipium
3279 944 3783 1022 tantummodo

808 1082 935 1137 aut
974 1063 1259 1137 colonia
1289 1078 1463 1136 erat.

908 1190 959 1279 S
995 1188 1176 1256 vm.
1232 1184 1368 1284 Ipsi
1408 1196 1651 1254 autem
1680 1180 2031 1280 parebant
2067 1183 2523 1254 Procurator-i
2563 1168 2828 1256 scilicet
2872 1184 3030 1280 qui,
3076 1185 3147 1256 in
3183 1185 3433 1273 titulis,
3479 1183 3624 1255 hoc
3655 1209 3783 1256 vo·

812 1306 1071 1381 cabulo
1122 1307 1231 1378 vel
1284 1304 1827 1395 alimentorum,
1888 1303 2001 1374 vel
2050 1302 2440 1394 alimoniae,
2490 1303 2605 1376 vel
2661 1303 2764 1374 ad
2811 1305 3190 1393 alimenta,
3259 1330 3786 1403 nonnunquam

810 1430 1025 1500 etiam
1066 1425 1155 1497 ab
1186 1426 1547 1497 alimentis
1588 1422 2048 1517 designatur3
2105 1422 2308 1519 cujus
2349 1423 2645 1520 quidem
2699 1424 3332 1495 administrationis
3370 1437 3604 1522 partes
3648 1424 3790 1499 late

812 1545 1176 1647 patebant.
1252 1546 1611 1617 Habemus
1670 1546 1867 1616 enim
1928 1548 2441 1614 Procuratores
2505 1545 3008 1616 alimentorum
3051 1570 3192 1641 per
3249 1542 3744 1640 Trans-padum
3765 1598 3784 1633 ‚

818 1667 1167 1737 Histriam
1221 1680 1296 1735 et
1342 1662 1752 1734 Liburniam
1776 1665 1835 1751 ²,·
1872 1667 2385 1733 Procuratores
2430 1664 2535 1733 ad
2571 1664 2916 1736 alimenta
2964 1667 3231 1736 Bruttii
3246 1721 3265 1758 ,
3325 1662 3676 1735 Calabriae
3723 1678 3794 1733 et

811 1786 1126 1881 Apuliae⁸
1146 1816 1175 1872 ;
1210 1790 1727 1856 Procuratores
1758 1783 2263 1854 alimentorum
2312 1787 2432 1856 viae
2466 1786 2842 1857 Flaminiae
2862 1790 2907 1857 ⁸.

908 1909 959 1999 S
992 1910 1107 1976 tx.
1168 1906 1376 1977 {taliae
1421 1920 1924 2004 procuratores
1968 1906 2371 1976 Henzenius
2414 1904 2717 2005 putabat
2760 1932 2944 2005 saepe
2988 1906 3280 1978 eosdem
3322 1906 3531 1978 fuisse
3581 1918 3794 2000 atque

817 2028 1231 2114 Curatores,
1278 2037 1354 2095 at
1401 2024 1900 2121 inscriptiones
1932 2022 2381 2120 quibus'ejus
2424 2024 2864 2097 innitebatur
2897 2027 3144 2125 opinio
3180 2024 3613 2098 adulterinas
3644 2025 3796 2121 ipse

812 2158 1061 2241 postea
1100 2142 1448 2238 judicavit
1474 2144 1519 2212 ⁸.
1571 2147 1954 2238 Nunquam
2010 2144 2204 2214 enim
2254 2158 2758 2241 procuratores
2805 2145 3266 2217 alimentariis
3322 2142 3576 2214 iisdem
3625 2168 3796 2214 mu-

813 2261 1105 2333 neribus
1150 2262 1347 2361 prius
1390 2260 1685 2333 functos·
1726 2261 1935 2332 fuisse
1980 2259 2243 2359 quibus
2292 2278 2363 2335 et
2416 2268 2784 2335 curatores
2831 2264 3251 2337 alimentarii
3275 2318 3292 2351 ‚
3335 2262 3459 2358 qui
3503 2260 3798 2359 quidem

815 2382 1163 2477 equestris
1187 2381 1461 2453 ordinis
1496 2395 1724 2472 erant,
1752 2405 1838 2451 ex
1870 2382 2453 2480 inscriptionibus
2484 2384 2842 2455 novimus.
2868 2388 3252 2454 Curatores
3283 2383 3497 2455 iidem
3521 2384 3801 2455 viarum

815 2514 885 2571 et
940 2501 1444 2574 alimentorum
1496 2514 1699 2573 erant
1750 2513 1821 2572 et
1870 2530 1906 2569 «
1932 2526 2063 2599 per
2114 2526 2409 2599 magnas
2444 2505 2598 2575 vias
2623 2534 2658 2570 »
2709 2503 3344 2576 distribuebantur.
3402 2504 3520 2574 Isti
3560 2517 3798 2575 autem

818 2622 1200 2691 Curatores
1228 2621 1677 2690 alimentarii
1703 2620 2047 2721 majorem
2083 2646 2303 2716 quam
2349 2636 2855 2720 procuratores
2904 2624 3395 2719 magistratum
3431 2620 3794 2717 gerebant.

912 2740 963 2830 g
994 2742 1083 2810 X.
1140 2737 1419 2825 Quibus
1451 2752 1523 2808 et
1556 2738 1727 2835 ipsis
1759 2738 2226 2810 Curatoribus
2258 2740 2376 2811 alii
2422 2757 2770 2839 praeerant
2815 2742 3296 2837 magistratus,
3336 2764 3522 2835 quos
3553 2744 3802 2838 Impe-

818 2858 1035 2928 ratori
1081 2858 1215 2928 soli
1260 2855 1652 2944 secundOS,
1701 2856 2325 2927 alimen-turcorum
2358 2862 2768 2957 Praefectos,
2813 2884 2898 2931 ex
2944 2860 3356 2955 conjectura
3398 2859 3796 2956 Butghesii,

818 2974 1362 3075 appellabimus.
1398 2977 1736 3045 Summus
1766 2976 1961 3045 enim
1995 2974 2111 3046 ille
2138 2976 2241 3046 rei
2280 2977 2752 3076 epigraphicae
2783 2977 3048 3050 arbiter
3079 2977 3252 3049 tales
3284 2978 3624 3049 exstitisse
3651 3003 3804 3051 ma-

819 3094 1145 3190 gistratus
1190 3092 1569 3165 confirmat
1599 3118 1999 3190 eorumque
2036 3118 2336 3166 munera
2370 3094 2708 3168 describit
2731 3098 2753 3134 ⁶
2789 3123 2805 3166 :
2847 3096 3216 3195 pactiones
3247 3096 3298 3168 ii
3330 3120 3494 3168 cum
3542 3095 3804 3169 fundo·

818 3239 981 3284 rum
1014 3214 1327 3286 dominis
1354 3215 1479 3311 qui
1510 3239 1639 3285 sua
1672 3213 1865 3285 bona
1905 3215 2188 3312 pignori
2224 3215 2694 3314 opponebant
2727 3215 2905 3313 (hoc
2958 3215 3181 3286 modo
3232 3213 3671 3313 hypotheca,
3729 3228 3806 3286 ut

816 3334 916 3404 ita
962 3333 1196 3404 dicam
1220 3388 1237 3421 ,
1291 3332 1683 3429 suscepta),
1727 3335 2181 3431 Imperatoris
2225 3336 2520 3408 nomine
2563 3335 2920 3408 faciendas
2963 3334 3353 3427 curabant,
3406 3334 3682 3432 solique
3731 3337 3803 3406 in

819 3451 1170 3548 pactionis
1208 3450 1516 3523 formula
1558 3451 2177 3548 designabantur⁷.
2233 3459 2459 3550 Atque
2500 3453 2600 3526 ibi
2638 3453 2932 3552 quidem
2957 3507 2976 3546 ,
3025 3453 3192 3526 licet
3235 3477 3384 3524 non
3425 3468 3809 3551 usurpetur

818 3571 1127 3670 praefecti
1158 3571 1593 3644 vocabulum
1618 3626 1639 3666 ,
1688 3598 1837 3644 non
1884 3574 2099 3644 iidem
2144 3587 2384 3645 tamen
2428 3575 2545 3646 isti
2587 3589 2802 3672 atque
2834 3587 3201 3646 curatores
3239 3573 3385 3646 ullo
3426 3574 3648 3645 modo
3679 3574 3806 3646 ha·

904 3812 961 3866 1.
992 3810 1251 3866 Henzen.
1294 3804 1339 3886 S
1364 3827 1495 3865 vm.
1889 3814 1931 3864 1)
1966 3833 1979 3848 ·
2013 3813 2343 3866 VALEmvs
2377 3835 2391 3850 ·
2426 3815 2468 3865 1)
2504 3834 2517 3847 ·
2555 3815 2592 3865 F
2627 3835 2642 3849 ·
2676 3814 2804 3866 COR

1824 3913 2159 3968 PROCVLVS
2194 3937 2207 3951 ·
2244 3917 2445 3970 AEDIL
2478 3937 2491 3950 ·
2530 3917 2866 3969 DICTATOR

1862 4017 2119 4079 QVAEST
2155 4039 2169 4052 ·
2203 4018 2710 4085 ALIMENTORVM,
2741 4023 2852 4070 etc.

901 4137 957 4190 2.
992 4135 1187 4206 Grut.,
1218 4155 1277 4212 p.
1314 4135 1454 4205 402,
1481 4138 1541 4193 4.
1566 4165 1647 4176 -—
1669 4133 1957 4206 Matreius,
1990 4141 2139 4196 Mus.
2166 4141 2330 4209 Ver„
2348 4139 2498 4210 462,
2526 4140 2586 4194 2.
2609 4134 3083 4194 -Kellermann
3102 4176 3119 4205 ‚
3145 4151 3205 4210 p.
3233 4135 3330 4189 14.
3348 4164 3428 4175 -
3454 4135 3590 4189 Haec
3611 4144 3803 4190 autem

822 4234 1117 4311 inscriptio
1143 4254 1316 4311 quam
1346 4233 1673 4292 Henzenius
1699 4235 1965 4312 exhibet,
1990 4238 2185 4312 judice
2210 4243 2406 4297 Leone
2432 4237 2706 4310 Renier0‚
2729 4255 2837 4295 nec
2864 4234 2939 4293 ad
2972 4234 3224 4312 primum
3250 4251 3360 4290 nec
3384 4230 3458 4290 ad
3485 4231 3802 4291 secundum

821 4337 1090 4395 saeculum
1122 4337 1391 4414 pertinet.

905 4441 960 4494 3.
994 4439 1191 4509 Grut„
1219 4457 1277 4516 p.
1309 4440 1452 4512 411,
1476 4441 1533 4498 1.

903 4542 960 4596 «1.
988 4539 1362 4611 Mun-atoriuS,
1387 4560 1449 4619 p.
1482 4543 1623 4616 756,
1656 4545 1715 4600 4.

906 4646 964 4701 5.
994 4647 1279 4716 Hermen„
1314 4641 1361 4722 S
1400 4663 1485 4701 ιι.
1524 4649 1690 4703 PROC
1738 4671 1751 4686 ·
1794 4627 2043 4706 A'LmoN
2088 4675 2101 4688 ·
2145 4655 2361 4706 CVRAT
2405 4673 2419 4686 ·
2452 4653 2634 4704 VIAR.
2665 4677 2746 4690 ν-
2772 4649 3010 4714 Marah,
3053 4641 3246 4711 2024,
3281 4641 3338 4696 1.
3389 4639 3530 4710 Quae
3570 4636 3804 4714 quidem

823 4743 1020 4820 spuria
1046 4743 1347 4823 inscriptio
1364 4759 1471 4808 est.

908 4849 965 4906 6.
998 4846 1229 4904 Bullett.
1265 4847 1397 4907 dell’
1429 4851 1614 4909 Instit.
1652 4851 1709 4910 di
1742 4855 1983 4931 cori-isp.
2020 4853 2273 4912 archeol.
2308 4857 2512 4911 Roma.
2549 4852 2728 4909 1844.

908 4953 963 5003 7.
1000 4947 1086 5006 Cs.
1124 4947 1405 5008 Tabulam
1436 4951 1777 5012 Veleiatium
1808 4976 1820 5010 :
1855 4954 1967 5013 col.
1996 4975 2067 5028 n,
2099 4955 2140 5017 1.
2175 4957 2286 5028 37;
2314 4951 2531 5012 -σοῖ.
2563 4971 2656 5026 m,
2683 4951 2727 5012 1.
2762 4953 2835 5008 13
2859 4961 2916 5008 et
2946 4951 3060 5021 533
3091 4979 3162 4990 -
3193 4944 3306 5003 col.
3339 4965 3402 5019 v,
3426 4942 3468 5001 1.
3503 4947 3576 5003 38
3606 4956 3663 5002 et
3695 4947 3802 5017 57;

826 5047 1036 5108 -coh
1070 5069 1180 5121 vn,
1210 5051 1251 5107 Ι.
1290 5054 1357 5109 31
1394 5065 1452 5110 et
1478 5071 1599 5132 seq.

3460 5151 3498 5204 h
