5080 6254
2637 640 2980 713 ...6-

1314 822 1527 902 atque
1579 805 1651 875 id
1694 804 1838 900 agit
1879 818 1963 875 ut
2007 802 2307 887 fundOS,
2354 802 2743 900 dequibus
2775 804 2848 873 in
2883 801 3152 873 Tabula
3199 827 3436 873 sermo
3485 816 3634 892 est,
3689 828 3838 875 non
3880 802 4298 876 Placentinae

1314 928 1441 1000 sed
1478 932 1778 997 Lucanae
1814 926 2123 1021 regionis
2152 948 2305 997 esse
2336 924 2648 1022 probare
2680 922 2885 1015 velit3
2933 946 3153 1021 seque
3198 920 3576 1021 profitetur
3609 924 3821 1021 plane
3860 924 4300 995 demonstra·

1314 1063 1553 1120 turum
1584 1046 1827 1119 multis
1842 1047 2087 1117 Tuscis
2121 1060 2193 1117 et
2214 1044 2652 1118 Lucensibus
2684 1043 2864 1116 locis
2893 1045 3188 1117 nomina
3211 1033 3463 1115 eadem
3497 1045 3710 1115 etiam
3737 1070 3934 1117 nunc
3956 1043 4298 1115 inhaerere

1314 1191 1471 1264 quae
1510 1166 1585 1237 in
1629 1164 1899 1237 Tabula
1950 1164 2478 1237 describuntur.

1414 1288 1466 1379 5
1492 1289 1641 1357 XV.
1667 1284 2097 1355 Muratorius
2120 1282 2550 1382 opusculum
2579 1306 2800 1381 supra
2825 1283 3166 1379 scriptum
3186 1283 3442 1355 iterum
3461 1280 3798 1377 vulgavit,
3823 1281 4226 1353 αι1ηο1767
4246 1285 4292 1350 ¹.

1414 1408 1465 1501 5
1498 1410 1655 1477 XVI
1666 1462 1681 1477 .
1734 1406 1867 1476 Hic
1920 1404 2123 1502 operi
2157 1405 2365 1477 locus
2400 1401 2866 1498 assignandus
2907 1416 3052 1491 est,
3098 1400 3299 1498 quod
3333 1400 3619 1498 reliquit
3663 1401 3814 1497 ipse
3847 1424 4010 1471 can.
4046 1404 4291 1492 Costa,

1316 1530 1427 1601 vir
1453 1526 1870 1600 effodiendo
1888 1526 2186 1599 Veleiati
2218 1549 2390 1620 agro
2427 1524 2826 1621 prael'ectuS,
2854 1522 3298 1621 quiquidem
3337 1536 3479 1593 tres
3527 1519 3752 1594 libros
3796 1521 4080 1618 reliquit
4125 1531 4298 1593 αὐτο-

1314 1654 1593 1749 γράφους,
1628 1649 1701 1719 in
1722 1645 2009 1744 quibus,
2034 1671 2182 1744 quo
2214 1660 2285 1718 et
2315 1659 2641 1742 tempore
2673 1660 2746 1715 et
2780 1644 3003 1715 modo
3029 1643 3289 1716 fuerint
3315 1642 3510 1740 apud
3531 1642 3872 1733 Veleiam,
3907 1656 4014 1712 tot
4045 1641 4301 1713 rudera

1317 1766 1596 1838 detecta
1647 1780 1891 1838 narrat
1947 1765 2387 1862 singillatim,
2436 1764 2795 1863 quidquid
2833 1779 3076 1837 autem
3113 1764 3348 1861 aliqua
3399 1766 3745 1836 memoria
3784 1762 4086 1859 dignum
4132 1762 4302 1835 inde

1322 1887 1532 1959 fuerit
1604 1886 1939 1958 effossum
2008 1884 2344 1983 graphice
2410 1883 2770 1982 designat,
2841 1884 3044 1982 quod
3117 1909 3304 1982 opus
3367 1882 3696 1955 nondum
3761 1882 4294 1980 pervulgatum,

1324 2008 1590 2077 Parmae
1614 2060 1633 2095 ,
1677 2017 1752 2074 ut
1782 2002 2095 2095 videtur,
2136 2004 2211 2073 in
2244 2001 2485 2099 aliquo
2519 2003 2785 2099 angulo
2820 2002 3035 2075 etiam
3069 2026 3264 2073 nunc
3297 2000 3663 2073 delitescit.

1416 2129 1466 2218 5
1500 2128 1714 2195 XVII.
1775 2129 1982 2194 Anno
2016 2126 2237 2215 1775,
2282 2128 2518 2215 Lucae,
2557 2128 2637 2194 P.
2671 2123 3094 2195 Vincentius
3123 2123 3428 2218 Poggius
3463 2121 3757 2193 Litteras
3783 2121 4225 2218 pervulgavit
4249 2124 4294 2211 ¹,

1318 2244 1394 2317 in
1441 2243 1702 2340 quibus
1752 2256 1835 2313 ut
1884 2242 2109 2312 multa
2152 2240 2325 2331 alia,
2374 2266 2535 2338 quae
2583 2242 2821 2313 minus
2873 2256 3064 2313 recte
3109 2242 3435 2338 exponit,
3491 2242 3859 2328 omittam,
3915 2239 4060 2312 hoc
4111 2250 4301 2313 certe

1322 2363 1638 2436 monebo
1676 2387 1843 2435 eum
1882 2363 2052 2460 ipsis
2087 2360 2351 2433 fundos
2386 2360 2921 2459 possidentibus
2957 2360 3520 2433 munificentiam
3545 2359 3974 2434 adscribere.

1339 2554 1346 2562 .
1418 2488 1475 2579 5
1503 2489 1749 2556 XVIII.
1802 2488 2014 2555 Anno
2051 2484 2269 2573 1776,
2304 2482 2524 2553 Taciti
2567 2482 2906 2579 operibus
2943 2481 3354 2578 adjunctam
3385 2480 3870 2579 Appendicem
3913 2478 4312 2567 chronolo-⁸

1322 2607 1553 2703 gicam
1586 2603 1813 2677 edidit
1842 2605 2236 2695 BroteriuS,
2284 2604 2357 2673 in
2392 2626 2537 2699 qua
2575 2602 2884 2675 breviter
2916 2602 3009 2674 de
3033 2602 3455 2675 Veleiatium
3486 2602 3753 2675 Tabula
3783 2615 4306 2675 commentatus

1324 2737 1434 2797 est
1468 2736 1538 2794 et
1569 2722 2116 2819 inscriptionem
2152 2722 2380 2819 ipsam
2414 2720 2778 2819 protulit⁸.
4121 2712 4130 2719 ’

1424 2844 1475 2935 5
1510 2844 1692 2911 XIX.
1733 2844 1940 2911 Anno
1971 2840 2189 2933 1788,
2222 2840 2333 2911 vir
2366 2864 2642 2935 magnae
2673 2840 3017 2913 doctrinae
3049 2857 3121 2915 et
3149 2842 3341 2913 acuti
3367 2841 3634 2937 ingenii
3661 2840 4066 2936 Zacynthus
4085 2845 4260 2913 Cara
4281 2893 4302 2929 ,

1327 2960 1695 3053 Vercellis,
1767 2959 2091 3033 libellum
2143 2960 2479 3057 protulit,
2540 2960 2762 3033 hodie
2821 2962 3334 3051 rarissimum⁴,
3389 2963 3464 3032 in
3513 2986 3660 3059 quo
3685 3016 3704 3052 ,
3771 2976 4024 3059 paeter
4079 2962 4310 3059 ipsam

1322 3078 1707 3169 Tabulam,
1758 3079 1971 3152 etiam
2011 3078 2378 3172 locorum,
2417 3104 2577 3177 quae
2609 3080 2683 3152 in
2710 3080 2976 3154 Tabula
3006 3081 3440 3174 indicantur,
3479 3080 3698 3154 habes
3727 3080 4302 3180 descriptionem.

1328 3201 1617 3277 Fundos
1661 3215 1901 3272 autem
1947 3217 2201 3275 omnes
2251 3202 2442 3273 circa
2481 3201 2798 3274 Veleiam
2847 3205 3020 3276 sitos
3077 3203 3290 3274 fuisse
3329 3217 3569 3300 putat,
3625 3225 3851 3301 pagos
3889 3204 4012 3300 qui
4061 3204 4132 3274 in
4181 3203 4310 3276 ali-

1326 3323 1675 3396 mentaria
1734 3322 2205 3419 Inscriptione
2254 3321 2750 3417 designantur,
2809 3323 3246 3420 fundosque,
3307 3347 3524 3419 quem
3579 3322 3820 3395 locum
3884 3321 4306 3411 habuerint,

1328 3443 1671 3541 reperisse
1730 3467 1805 3514 se
1865 3441 2241 3513 contendit
2262 3498 2280 3528 ,
2350 3439 2572 3538 idque
2633 3442 3106 3540 geographica
3166 3441 3477 3515 formula.
3527 3439 3962 3538 descriptum
4027 3441 4312 3514 lectoris

1330 3561 1561 3632 oculis
1594 3559 1943 3656 subjicere
1974 3581 2123 3630 non
2157 3557 2437 3630 dubitat
2460 3561 2505 3628 ⁸.

1430 3685 1481 3775 5
1515 3685 1666 3752 XX.
1724 3679 2001 3753 Eodem
2049 3703 2279 3770 ann0,
2332 3678 2655 3752 libellum
2687 3681 3008 3777 ejusdem
3051 3683 3452 3779 argumenti
3484 3687 3809 3779 Augustae
3838 3683 4309 3754 Taurinorum

1336 3801 1727 3874 Pitarellius
1760 3801 2045 3874 edidit⁶.
2086 3801 2387 3874 Duobus
2418 3803 2626 3874 annis
2663 3803 2957 3901 elapsiS,
2997 3803 3192 3875 idem
3223 3803 3505 3902 scripsit
3547 3803 3771 3875 multa
3805 3801 3896 3874 de
3941 3800 4116 3874 locis
4143 3827 4312 3898 geo·

1336 3923 1689 4022 graphicis
1720 3927 1866 3995 JOS.
1909 3923 2304 3996 Pitarellius
2340 3925 2648 3996 Astius⁷z
2707 3949 2894 4023 opus
2931 3925 3109 3997 illud
3151 3939 3256 3998 est
3303 3925 3379 3996 in
3427 3925 3748 4023 quinque
3797 3937 4032 4020 partes
4077 3923 4312 3994 distri-

1418 4236 1473 4291 1.
1504 4236 1568 4290 Τ.
1601 4236 1718 4306 111,
1752 4237 1985 4292 Arezzo.

1416 4337 1477 4394 2.
1511 4338 1739 4392 Lettere
1767 4335 2065 4413 ragionate
2084 4333 2224 4394 d’un
2252 4333 2615 4393 accademico
2639 4355 2872 4399 oscum.
2907 4331 3087 4412 Luc‘a,
3119 4339 3297 4395 1775.

1420 4439 1476 4496 3.
1512 4437 1703 4506 Paris,
1733 4438 1767 4492 ’1
1798 4435 1917 4495 vol.
1942 4435 2147 4509 itt-12,
2178 4438 2354 4508 1776,
2378 4436 2632 4496 secunda
2657 4437 2826 4510 edit.;
2859 4437 3046 4516 prima
3073 4437 3278 4512 editio,
3311 4439 3489 4509 1771,
3525 4443 3561 4494 4
3587 4437 3708 4495 vol.
3741 4437 3890 4494 ἱππ-4.

1418 4541 1475 4595 4.
1508 4535 1618 4596 Dei
1653 4538 1828 4617 paghi
1851 4537 1987 4596 dell’
2012 4559 2154 4618 agro
2180 4539 2433 4598 Veleiate
2459 4541 2738 4600 nominati
2767 4542 2922 4602 nella
2945 4543 3158 4603 Tavola
3176 4541 3422 4616 Traiana
3446 4539 3806 4600 alimentaria
3828 4538 3938 4597 che
3965 4537 4012 4596 si
4040 4556 4316 4596 conserva

1334 4637 1429 4697 nel
1456 4659 1656 4697 museo
1690 4639 1748 4696 di
1778 4643 2003 4699 Parma.
2038 4645 2303 4714 Venelli,
2332 4661 2776 4704 nncctxxxvm.

1417 4745 1475 4800 5.
1508 4745 1575 4799 P.
1606 4745 1865 4803 93-130.

1415 4845 1479 4904 6.
1512 4842 1653 4901 Idea
1684 4843 1835 4902 della
1862 4843 2229 4924 spiegazione
2258 4845 2411 4905 della
2439 4849 2657 4906 Tavola
2690 4849 3054 4908 alimentaria
3083 4847 3142 4906 di
3165 4846 3436 4906 Traiano.
3473 4847 3696 4915 Tot-ino,
3729 4845 3906 4902 1788.

1420 4947 1475 5002 7.
1518 4945 1684 5003 Della
1726 4946 2177 5006 celebratissima
2217 4948 2431 5007 Tavola
2474 4949 2844 5010 alimentaria
2895 4951 2954 5008 di
2995 4951 3242 5009 Traiano
3264 4993 3281 5023 ,
3325 4947 3688 5028 spiegazione
3742 4946 3882 5004 satta
3932 4942 4006 5000 da
4049 4941 4318 5000 Secundo

1341 5047 1635 5127 Giuseppe
1660 5049 1915 5108 Pitarelli
1941 5049 2146 5110 d'Asti.
2190 5054 2414 5123 Tor-ino,
2451 5054 2632 5111 1790.
