5080 6254
2601 688 2994 763 -32—

1761 946 1882 1023 De
1926 944 2332 1023 alimentis
2352 1004 2371 1043 ,
2425 971 2600 1051 qaae
2653 945 2918 1053 inopes
2945 963 3327 1051 parentes
3365 945 3461 1025 de
3487 945 3815 1055 publico

2479 1085 2735 1175 petere
2769 1068 3076 1147 debent.

2573 1268 2711 1323 TIT.
2754 1268 2998 1323 xxvn.

2062 1418 2111 1475 1.
2154 1418 2475 1493 1m1›erator
2506 1412 2913 1474 Constantinus
2943 1418 3020 1475 A.
3049 1414 3142 1475 Ad
3169 1379 3506 1479 Ablavium.

1400 1596 1433 1633 κ
1467 1565 1696 1637 AEreis
1724 1561 2007 1653 tabuliS,
2047 1560 2155 1633 vel
2189 1560 2588 1652 cerussatiS,
2629 1573 2754 1631 aut
2798 1558 3036 1632 linteis
3067 1564 3348 1665 mappis
3379 1563 3645 1637 scribta
3673 1590 3803 1665 per
3829 1590 4084 1639 omnes
4109 1568 4282 1640 civi-

1296 1702 1475 1759 tates
1526 1686 1744 1757 ltaliae
1794 1696 2242 1783 proponatur
2294 1681 2409 1752 lex
2430 1736 2451 1773 ,
2515 1705 2674 1777 quae
2726 1697 3110 1779 parentum
3159 1708 3416 1756 manus
3470 1710 3512 1757 a
3565 1686 3950 1785 parricidio
4001 1703 4270 1782 arceat,

1297 1822 1690 1905 votumque
1732 1820 1961 1877 vertat
2000 1805 2074 1874 in
2115 1802 2369 1874 melius
2423 1828 2439 1873 ε
2495 1799 2960 1898 officiumque
3008 1817 3215 1875 tuum
3255 1804 3408 1877 haec
3457 1830 3628 1879 cura
3675 1810 4125 1907 perstringat,
4165 1823 4272 1904 ut,

1297 1932 1356 2003 si
1392 1930 1551 2027 quis
1584 1952 1843 2027 parens
1886 1923 2159 1997 adferat
2202 1922 2529 1995 sobolem
2573 1946 2792 2020 quam
2839 1948 2974 2021 pro
3015 1940 3433 2023 paupertate
3475 1926 3781 2001 educare
3815 1953 3965 2000 non
4005 1933 4227 2030 possit
4251 1986 4272 2020 ,

1296 2074 1429 2121 nec
1461 2050 1535 2119 in
1576 2047 1929 2119 alimentis
1956 2070 2091 2119 nec
2120 2046 2197 2115 in
2228 2059 2424 2119 veste
2460 2043 2938 2142 impertienda
2970 2044 3314 2138 tardetur,
3351 2072 3522 2122 cum
3557 2046 3890 2120 educatio
3923 2052 4278 2123 nascentis

1295 2168 1607 2240 infantiae
1655 2190 1894 2239 moras
1942 2164 2123 2235 serre
2164 2188 2315 2235 non
2357 2165 2581 2261 possit
2607 2214 2632 2251 ,
2667 2160 2762 2234 ad
2793 2188 3012 2260 quam
3047 2188 3200 2237 rem
3235 2180 3309 2236 et
3357 2164 3612 2237 fiscum
3661 2182 3988 2239 nostrum
4021 2184 4092 2241 et
4123 2193 4273 2241 rem

1294 2290 1641 2387 privatam
1674 2284 2057 2357 indiscreta
2079 2284 2421 2380 jussimus
2441 2282 2771 2382 'praebere
2803 2282 3174 2382 obsequia.
3231 2288 3395 2357 Dat.
3453 2290 3547 2359 111
3592 2286 3696 2359 id.
3741 2288 3930 2359 Maii.
3987 2289 4267 2380 Naisso,

1296 2408 1769 2479 Constantino
1803 2410 1881 2476 A.
1923 2408 2049 2476 1111
2074 2419 2143 2475 et
2181 2403 2450 2476 Licinio
2479 2408 2633 2475 1111.
2673 2406 2813 2475 ΑΔ.
2851 2428 3033 2476 coss.
3069 2432 3108 2473 n

2405 2595 2483 2652 11.
2528 2589 2692 2651 Idem
2718 2595 2792 2650 A.
2823 2591 3168 2651 Menandro.

1394 2775 1425 2809 α
1465 2798 1511 2815 ..
1531 2793 1579 2814 ..
1610 2739 2083 2814 Provinciales
2118 2752 2427 2836 egestate
2462 2739 2690 2811 victus
2721 2752 2938 2837 atque
2969 2740 3327 2813 alimoniae
3364 2742 3614 2841 inopia
3642 2743 4072 2839 laborantes,
4101 2748 4271 2821 libe-

1290 2886 1404 2933 ros
1436 2887 1607 2933 suos
1636 2858 1949 2931 vendere
1976 2855 2091 2930 vel
2128 2856 2604 2954 obpignerare
2646 2858 3142 2953 cognovimuS.
3181 2858 3523 2957 Quisquis
3566 2861 3779 2957 igitur
3821 2862 4035 2959 hujus
4070 2866 4272 2939 modi

1289 2982 1705 3081 reperietur,
1747 2980 1875 3077 qui
1906 2977 2101 3049 nulla
2134 2977 2237 3047 rei
2272 2976 2639 3049 familiaris
2671 2974 3065 3048 substantia
3093 2976 3472 3067 fultus-est,
3505 2978 3770 3075 quique
3805 2979 4068 3052 liberos
4100 3006 4270 3055 suos

1286 3126 1467 3198 aegre
1511 3125 1596 3174 ac
1640 3098 1927 3172 difficile
1968 3109 2314 3170 sustentat
2354 3122 2370 3164 z
2413 3120 2544 3194 per
2596 3093 2850 3167 fiscum
2889 3110 3258 3185 nostrum,
3308 3111 3696 3196 antequam
3735 3096 3860 3171 fiat
3889 3102 4271 3175 calamitati

1286 3221 1644 3292 obnoxius
1666 3276 1685 3312 ‚
1741 3219 2117 3314 adjuvetur
2172 3243 2187 3286 ε
2242 3215 2340 3286 ita
2396 3227 2476 3283 ut
2536 3215 3008 3310 proconsules
3061 3213 3539 3313 praesidesque
3589 3229 3662 3288 et
3708 3218 4093 3292 rationales
4139 3246 4270 3319 per

1286 3345 1690 3414 universam
1722 3340 2032 3412 Africam
2064 3335 2379 3406 habeant
2418 3347 2887 3430 potestatem,
2933 3347 3004 3404 et
3047 3334 3429 3425 universiS,
3483 3359 3668 3432 quos
3714 3334 4153 3410 adverterint
4193 3339 4265 3409 in

1282 3477 1591 3557 egestate
1642 3455 2021 3530 miserabili
2078 3454 2546 3544 constitutos,
2599 3452 2860 3549 stipem
2902 3452 3375 3524 necessariam
3421 3455 3810 3550 largiantur
3858 3481 3873 3523 ε
3923 3471 4137 3552 atque
4181 3483 4268 3530 ex

1286 3579 1561 3649 horreis
1593 3576 2065 3649 substantiam
2098 3573 2423 3671 protinus
2456 3568 2777 3641 tribuant
2802 3584 3360 3668 competentem.
3401 3571 3755 3644 Abhorret
3778 3572 3970 3646 enim
4007 3577 4268 3650 nostris

1288 3696 1635 3788 moribus,
1682 3708 1762 3766 ut
1795 3715 2233 3792 quemquam
2266 3690 2450 3762 same
2484 3687 2746 3762 confici
2784 3688 2895 3760 vel
2937 3688 3034 3761 ad
3083 3689 3462 3787 indignum
3499 3691 3770 3764 facinus
3798 3718 4267 3796 prorumpere

1284 3816 1789 3888 concedamuS.
1826 3819 1988 3886 Dat.
2029 3811 2219 3912 prid.
2265 3835 2442 3881 non.
2475 3808 2619 3880 Jul.
2662 3813 2926 3881 Romae.
2969 3807 3329 3882 Probiano
3359 3826 3430 3883 et
3462 3811 3746 3884 Juliano
3773 3839 3958 3886 coss,
4001 3844 4034 3883 »

1377 3943 1555 4027 Quae
1573 3937 1869 4035 quidem
1888 3935 2135 4008 omnia
2158 3932 2483 4005 indicant
2511 3931 3034 4004 institutionem
3063 3930 3292 4029 ipsam
3315 3931 3898 4030 hypothecariam
3926 3937 4256 4032 periisse3

1281 4062 1406 4134 sed
1436 4059 1867 4157 judicabunt
1897 4057 2201 4128 lectores
2234 4077 2353 4140 an,
2394 4051 2591 4149 apud
2623 4051 2943 4147 gentileS,
2974 4049 3250 4146 aliquid
3281 4051 3688 4122 institutum
3720 4051 3931 4125 suerit
3964 4053 4258 4149 dignum

1283 4181 1505 4277 magis
1554 4177 1757 4274 quod
1797 4198 1840 4247 a
1888 4175 2276 4245 christiana
2324 4170 2670 4265 religione
2721 4185 3069 4268 tanquam
3113 4173 3491 4270 proprium
3526 4189 4010 4272 usurparetur,
4057 4191 4264 4272 post-

1281 4325 1539 4399 quam,
1591 4323 1673 4369 ea
1721 4296 1873 4367 fieri
1921 4295 2139 4391 coepit
2188 4290 2507 4363 universi
2555 4291 2842 4389 Imperii
2887 4291 3162 4388 religio,
3211 4293 3667 4366 Alimentaria
3719 4295 4069 4367 institutio
4111 4297 4262 4393 jam

1280 4415 1481 4488 nulla
1530 4428 1661 4504 est,
1715 4411 2103 4484 liberalitas
2148 4424 2338 4483 certe
2388 4408 2624 4504 durat,
2685 4411 2910 4483 immo
2972 4409 3387 4511 pulchriore
3439 4415 3736 4486 nomine
3788 4415 4095 4489 charitas
4139 4443 4262 4490 vo·

1280 4551 1507 4612 catur.
1662 4532 1665 4536 Δ

1377 4661 1427 4750 S
1478 4661 1565 4726 X.
1624 4659 1793 4726 Post
1835 4651 2421 4740 Constantinum,
2476 4648 2778 4749 publicae
2821 4649 3260 4724 liberalitatis
3301 4677 3636 4747 munera,
3691 4669 4033 4753 tanquam
4083 4682 4254 4744 sua,

1279 4775 1657 4849 Christiani
1690 4774 2123 4872 suscipiunt,
2163 4771 2609 4868 longumque
2651 4773 2946 4844 interest
2987 4775 3334 4872 temporis
3363 4776 3810 4848 intervallum
3839 4763 4256 4875 priusquam

1279 4921 1723 4997 paganorum
1772 4894 2171 4967 stimuletur
2220 4893 2604 4968 aemulatio,
2658 4893 3100 4967 Christianos
3149 4894 3499 4967 imitando
3547 4911 3834 4968 secutus
3888 4898 4208 4970 Julianus
4243 4905 4256 4937 ¹

1360 5088 1417 5144 1.
1456 5082 1752 5156 Julianus,
1774 5080 1956 5160 Epist.
1980 5079 2055 5140 ad
2076 5085 2354 5155 Arsacen,
2380 5079 2570 5142 Galat.
2597 5079 2854 5160 pontific.
2865 5123 2884 5156 ,
2913 5099 2977 5159 p.
3000 5081 3140 5151 ⁴29,
3163 5081 3256 5151 C„
3281 5078 3372 5140 ed.
3399 5081 3618 5160 Spanh.
3639 5115 3720 5129 —-
3737 5085 3824 5144 Cf.
3856 5105 3916 5163 p.
3945 5087 4051 5144 291
4081 5100 4140 5144 et
4163 5106 4250 5163 sq.
