5080 6254
2033 673 2430 748 -53-

732 839 1038 911 videtur.
1069 843 1525 911 Hancnnmm
1551 853 1790 910 tamen
1815 862 2003 936 pago
2027 838 2328 910 civitatis
2349 841 2752 912 Pmoun-iffi
2776 834 2985 910 fuisse
3008 841 3535 912 conterminum
3570 842 3718 912 ani·

733 947 1131 1030 madverto:

1215 1124 1230 1140 .
1281 1124 1298 1142 .
1346 1122 1362 1141 0
1409 1121 1426 1139 .
1459 1083 1638 1135 FVND
1673 1104 1688 1120 ·
1722 1085 2290 1137 CARRVFANIANVH
2324 1105 2338 1120 ·
2374 1086 2457 1137 ET
2493 1105 2506 1119 ·
2543 1084 3006 1137 VENTILIANVH
3040 1107 3054 1120 ·
3088 1085 3224 1138 GVH
3259 1107 3273 1121 ·

1050 1187 1238 1240 GASIS
1271 1207 1286 1222 ·
1320 1187 1390 1238 IN
1424 1207 1439 1222 ·
1473 1185 1807 1238 VELEIATE
1841 1206 1854 1220 ·
1888 1186 2018 1238 PAG
2050 1206 2066 1220 ·
2099 1185 2384 1238 FLOREIO
2419 1206 2433 1221 ·
2467 1187 2553 1239 ET
2589 1208 2603 1221 ·
2638 1187 2707 1238 IN
2742 1207 2757 1221 ·
2790 1185 3213 1239 PLACENTINO
3244 1207 3260 1220 ·

1053 1291 1183 1344 PAG
1216 1312 1230 1325 ·
1265 1282 1752 1343 HERCVLAN10¹.

830 1440 1004 1512 Inde
1038 1438 1214 1511 fides
1244 1437 1324 1509 fit
1352 1438 1555 1511 illum
1591 1462 1856 1536 pagum
1893 1438 1966 1508 in
2003 1438 2296 1532 regione
2330 1437 2539 1508 feraci
2564 1437 2890 1534 jacuisse,
2928 1452 2999 1508 et
3028 1438 3258 1534 major
3294 1439 3507 1510 etiam
3542 1463 3717 1509 con-

645 1621 652 1626 .
723 1563 1014 1656 jecturae
1047 1583 1220 1631 meae
1253 1540 1467 1657 supra
1508 1559 1784 1657 scriptae
1817 1559 2204 1630 auctoritas
2249 1557 2550 1628 accedit.
2600 1559 2909 1648 Etenim,
2964 1555 3023 1630 si
3072 1558 3166 1629 ad
3210 1557 3471 1632 fundos
3528 1558 3715 1633 illius

729 1694 1034 1778 specteS,
1065 1680 1314 1776 quanti
1343 1679 1806 1764 aestimentur,
1834 1679 1954 1747 vix
1998 1701 2223 1776 pagus
2257 1675 2434 1748 alter
2486 1679 2560 1748 in
2600 1678 2891 1773 regione
2948 1693 3096 1751 tota
3145 1678 3354 1750 suerit
3409 1679 3706 1753 felicior.

729 1802 868 1887 Qui
911 1797 1204 1895 quidem
1257 1823 1479 1898 pagus
1531 1797 2046 1872 adscribendus
2101 1813 2282 1869 esset
2336 1798 2607 1868 viciniae
2654 1799 2790 1868 loci
2844 1827 2879 1866 «
2915 1799 3387 1870 Fiorenzuola
3406 1829 3441 1866 n
3490 1801 3663 1872 dicti
3689 1859 3708 1891 ‚

607 1958 616 1966 -
730 1917 806 1987 in
832 1915 968 1987 hac
996 1915 1154 1988 laeta
1185 1933 1256 1988 et
1309 1915 1652 2016 opulenta
1683 1918 2004 2012 regione,
2044 1943 2264 2014 quam
2310 1917 2693 2014 pertransit
2725 1923 3011 1991 AEMmA
3036 1921 3193 1991 Vm.
3233 1920 3463 2022 Video
3515 1923 3715 1994 enim

731 2037 876 2109 fere
908 2061 1160 2109 omnes
1186 2038 1262 2108 in
1295 2037 1418 2110 illo
1451 2063 1640 2137 pago
1665 2038 1930 2111 fundos
1963 2039 2234 2135 Populo
2265 2041 2753 2111 conterminos
2788 2065 2965 2112 esse.
3004 2039 3181 2111 Inde
3237 2041 3591 2137 conjicere
3633 2041 3713 2115 li-

729 2174 884 2230 ceat
919 2184 1070 2230 non
1119 2161 1305 2254 agris
1351 2158 1654 2259 publicis
1689 2175 1970 2232 tanturn
2019 2175 2091 2231 et
2137 2159 2536 2248 itineribus,
2567 2159 2693 2231 sed
2735 2163 2863 2230 viis
2895 2159 3109 2230 etiam
3130 2157 3439 2256 publecis·
3468 2161 3715 2258 appel·

729 2275 1068 2349 lationem
1103 2277 1368 2374 Populi
1406 2277 1618 2349 fuisse
1647 2277 1974 2350 inditam.
2010 2278 2204 2368 Quid
2231 2279 2471 2349 euim?
2507 2277 2900 2374 aliquando
2922 2275 3137 2349 fiebat
3168 2293 3245 2348 ut
3281 2276 3711 2374 quibusdam

730 2396 968 2470 fundis
999 2399 1114 2469 via
1145 2397 1432 2497 publica
1479 2400 1924 2472 contermina
1967 2414 2188 2492 esset3
2232 2399 2356 2497 qui
2407 2413 2647 2470 autem
2700 2396 2850 2468 fieri
2906 2409 3142 2494 potest
3172 2411 3253 2467 ut
3296 2396 3388 2468 de
3420 2398 3549 2468 viis
3582 2424 3715 2497 pu·

729 2513 931 2586 blicis
969 2541 1058 2587 ne
1093 2517 1309 2588 semel
1345 2515 1637 2615 quidem
1671 2519 1746 2588 in
1783 2532 1932 2590 tota
1961 2517 2229 2590 Tabula
2267 2517 2394 2589 fiat
2427 2516 2751 2588 mentio?
2786 2515 3005 2603 Quod
3034 2530 3275 2587 autem
3310 2517 3421 2586 vir
3452 2516 3717 2590 doctis-

731 2635 948 2706 simus
977 2636 1376 2708 Henzenius
1407 2636 1670 2733 Populi
1697 2635 2261 2732 designationem
2297 2637 2390 2709 ad
2426 2640 2689 2708 itinera
2720 2635 2871 2707 sola
2914 2636 3269 2734 pertinere
3302 2634 3708 2727 affirmavit,

731 2779 898 2828 eum
945 2779 1162 2853 supra
1199 2756 1682 2828 demonstravi
1723 2781 1872 2827 non
1923 2759 2092 2830 satis
2140 2757 2280 2829 late
2331 2757 2923 2851 significationem
2964 2754 3179 2852 hujus
3215 2756 3546 2828 vocabuli
3588 2781 3715 2854 pa-

731 2891 879 2946 tere
921 2875 1258 2965 voluisse3
1305 2891 1377 2949 et
1411 2874 1676 2974 fundos
1711 2875 2032 2972 publicos
2081 2874 2476 2975 appellatos
2523 2875 2663 2948 hac
2713 2899 2891 2946 voce
2941 2875 3258 2972 Populus
3309 2876 3519 2948 fuisse
3560 2877 3711 2974 jam

729 2995 1034 3065 ostendi.
1075 2997 1361 3067 Etenim
1387 2997 1472 3088 si,
1507 2995 1600 3067 ad
1639 2995 1910 3086 locum,
1939 2996 2064 3093 qui
2097 3001 2396 3066 FLonmo
2421 3019 2607 3093 pago
2644 2994 3107 3089 assignandus
3134 3010 3265 3085 est,
3295 2999 3704 3093 respexeriS,

731 3113 992 3211 Populi
1020 3116 1496 3214 appellatione
1547 3141 1839 3213 magnas
1881 3115 2204 3215 publicas
2227 3116 2378 3186 vias
2413 3114 2813 3210 designatas
2850 3138 3141 3210 quoque
3174 3113 3387 3185 fuisse
3420 3112 3713 3185 credere

729 3250 860 3306 est.
898 3238 970 3307 Si
1001 3237 1163 3333 quis
1201 3251 1439 3310 autern
1478 3261 1595 3307 me
1629 3260 1862 3307 errare
1895 3249 2124 3335 putat,
2163 3259 2334 3307 eum
2359 3235 2608 3322 velim,
2650 3256 2795 3329 qua
2828 3231 3304 3331 appellatione
3336 3233 3597 3305 fuerint
3635 3234 3709 3305 in

728 3355 992 3428 Tabula
1023 3356 1400 3451 designatae
1435 3358 1566 3427 viae
1618 3357 1948 3456 publicae,
1994 3356 2368 3428 ostendere
2408 3382 2423 3426 z
2461 3356 2577 3426 vix
2622 3355 2814 3425 enim
2862 3354 3111 3426 credas
3147 3378 3240 3426 ne
3286 3378 3513 3425 unum
3548 3356 3711 3453 qui-

729 3474 924 3567 dem,
965 3500 1050 3547 ex
1081 3476 1196 3547 his
1219 3474 1556 3546 omnibus
1595 3475 1836 3546 fundis
1869 3475 2360 3572 Inscriptionis
2399 3490 2685 3561 nostrat,
2726 3478 3175 3546 PLAcmmm
3209 3475 3395 3547 inter
3426 3488 3497 3545 et
3528 3479 3709 3547 Paa-

730 3622 892 3669 mm
925 3622 1060 3669 nec
1094 3621 1245 3668 non
1280 3612 1353 3668 et
1384 3601 1714 3668 Vanum
1748 3596 1926 3683 sitis,
1965 3620 2216 3691 agrum
2255 3596 2490 3682 fuisse,
2533 3594 2651 3665 cui
2704 3596 2835 3665 Vm
2867 3596 3157 3664 AEmmA
3190 3591 3317 3664 vel·
3337 3591 3473 3663 alia
3525 3618 3713 3689 quae-

727 3715 900 3788 libet
945 3742 1200 3813 magna
1239 3718 1350 3788 via
1395 3715 1684 3815 publica
1723 3715 2172 3789 contermina
2222 3714 2454 3785 fuerit.
2509 3717 2769 3785 Praeter
2799 3713 2931 3783 ista
2966 3712 3239 3802 omnia,
3276 3710 3541 3808 quibus
3576 3734 3713 3805 ego

727 3834 1012 3907 innixus
1057 3838 1521 3930 argumentiS,
1571 3834 1767 3933 apud
1810 3834 2053 3906 locum
2084 3832 2557 3905 Fiorenzuola
2595 3831 2867 3903 dictum
2899 3834 3267 3901 Fronmtm
3314 3854 3578 3929 pagum
3622 3832 3713 3900 si-

726 3968 880 4028 tum
917 3954 1124 4025 fuisse
1151 3954 1492 4050 judicavi,
1525 3954 1623 4025 ita
1661 3969 1737 4026 ut
1765 3959 2158 4025 Fnommrm
2179 3952 2621 4050 praecipuum
2655 3948 2871 4044 hujus
2908 3950 3070 4045 pagi
3094 3946 3523 4043 oppidulum
3558 3947 3712 4018 fue-

729 4076 852 4167 rit3
891 4078 1169 4174 reperio
1203 4076 1470 4180 aliquid
1503 4077 2065 4148 interesse-inter
2097 4078 2518 4147 Ponmmmu
2552 4068 2857 4142 fundum
2876 4071 2924 4160 ¹,
2966 4083 3039 4140 et
3074 4066 3462 4163 quemdam
3494 4066 3708 4136 Palu-

729 4180 955 4268 vicina
1005 4196 1276 4268 dictum
1329 4197 1609 4289 locum,
1649 4224 1790 4295 qua
1835 4212 2036 4296 parte
2083 4193 2871 4293 septentrioneminter
2901 4204 2972 4262 et
3015 4189 3369 4264 orientem
3412 4192 3707 4259 Floren-

725 4318 929 4387 zuola
963 4333 1235 4417 spectat
1256 4374 1275 4410 ,
1322 4334 1392 4391 et
1427 4319 1504 4389 in
1539 4318 1712 4391 laeva
1751 4318 1960 4391 rivuli
1996 4321 2282 4417 Ongina
2312 4316 2485 4387 dicti
2517 4315 2674 4414 ripa
2706 4312 2947 4385 situm.
2994 4362 3005 4373 -

825 4440 902 4505 In
941 4436 1204 4508 eodem
1235 4462 1423 4536 pago
1455 4438 1762 4511 fundum
1815 4439 2208 4536 quemdam
2253 4442 2471 4509 ΑΝΤιο
2525 4434 2788 4508 civitati
2837 4433 3053 4506 fuisse
3090 4430 3336 4521 vide03
3376 4430 3503 4528 qui
3552 4432 3713 4527 qui-

723 4553 889 4627 dem
937 4555 1200 4629 fundus
1229 4561 1492 4631 Galum
1529 4560 1832 4633 civitatis
1861 4560 2226 4657 vectigalis
2271 4583 2440 4656 ager
2471 4572 2662 4649 erat,
2720 4554 2928 4629 sicuti
2962 4576 3043 4626 ex
3082 4554 3261 4641 istis,
3304 4576 3463 4647 quae
3492 4575 3707 4649 supra

727 4674 908 4767 dixi,
955 4678 1299 4773 sequitur.
