5080 6254
2191 653 2536 728 -3—

982 823 1032 912 5
1067 823 1186 890 IV.
1223 819 1798 898 Commentarios
1830 844 2002 892 suos
2033 819 2126 892 de
2163 821 2639 918 Inscriptione
2680 817 2981 918 protulit
3020 819 3279 892 eodem
3312 825 3868 896 anno-Murato-

882 940 1062 1029 rius‚
1113 943 1188 1012 in
1225 942 1490 1040 quibus
1529 967 1860 1039 magnam
1894 942 2040 1014 vim
2073 942 2416 1014 doctrinae
2449 941 2840 1041 expromit,
2880 965 3293 1038 quanquam
3334 942 3451 1014 ille
3482 943 3867 1040 Trajanum

884 1061 1344 1133 institutionis
1393 1062 2004 1134 alimentariorum
2057 1061 2222 1134 facit
2281 1076 2653 1134 auctorem
2678 1118 2698 1154 ‚
2756 1085 2979 1158 quam
3022 1059 3245 1132 hodie
3292 1065 3535 1134 Nervae
3588 1064 3865 1136 auctori

885 1203 1038 1250 esse
1079 1177 1628 1252 adscribendam
1665 1179 2048 1268 novimus3
2099 1179 2305 1276 quod
2343 1179 2639 1277 quidem
2686 1177 3119 1278 opusculum
3163 1180 3445 1278 repetiit
3484 1181 3749 1254 Gorius
3790 1182 3865 1254 in

885 1297 1246 1396 Symbolis
1275 1299 1630 1372 litterariis
1647 1303 1690 1370 ¹.
3037 1389 3051 1400 “

981 1421 1034 1512 5
1073 1422 1158 1490 V.
1213 1419 1354 1490 Sed
1389 1419 1878 1517 inscriptionis
1924 1420 2114 1492 fama
2153 1417 2347 1517 apud
2381 1417 2625 1491 Gallos
2670 1433 3111 1516 pervaserat,
3159 1432 3231 1490 et
3264 1416 3460 1492 doct.
3497 1423 3863 1492 Terrasso-

888 1539 1048 1610 nius
1097 1539 1425 1611 eamdem
1477 1540 1828 1636 integram
1883 1538 2224 1637 protulit,
2287 1562 2484 1611 anno
2538 1541 2767 1628 4750,
2830 1563 3059 1636 quum
3098 1539 3409 1637 plurima
3451 1539 3867 1637 hujusmodi

887 1659 1358 1732 instrumenta
1387 1661 1714 1731 Historiae
1749 1685 1895 1732 suae
1920 1659 2101 1755 juris
2135 1659 2360 1731 civilis
2395 1657 2884 1754 subjungeret.

983 1782 1042 1872 5
1060 1783 1176 1850 VI.
1217 1780 1494 1852 Eodem
1524 1779 1744 1851 ferme
1773 1794 2125 1879 tempore,
2163 1781 2240 1850 in
2271 1780 2416 1850 suis
2442 1778 2816 1851 Placentiae
2836 1778 3229 1852 Annalibus
3250 1781 3649 1878 Poggialius
3680 1805 3867 1854 non·

886 1898 1066 1997 nibil
1106 1899 1197 1970 de
1226 1899 1495 1972 Tabula
1517 1900 1940 1974 Veleiatium
1977 1900 2279 2000 scripsit.

981 2023 1034 2113 5
1074 1998 1226 2091 'vlL
1295 2025 1500 2092 Anno
1555 2023 1744 2094 4757
1796 2024 2019 2092 Conr.
2081 2019 2422 2117 Stiglitius
2471 2017 2901 2117 opusculum
2958 2019 3051 2091 de
3101 2019 3544 2093 alimentaria
3598 2021 3870 2095 Tabula

887 2140 1160 2213 Altorfii
1193 2139 1490 2232 edidit’3
1531 2142 1604 2211 in
1637 2165 1812 2238 quc,
1841 2141 2043 2238 quod
2074 2140 2167 2213 ad
2191 2141 2310 2238 jus
2336 2165 2720 2212 romanum
2754 2142 3096 2238 pertinet,
3134 2142 3431 2241 propius
3476 2141 3567 2212 ad
3600 2157 3871 2216 certam

886 2261 988 2331 rei
1051 2259 1624 2357 explanationem
1692 2284 1912 2357 quam
1975 2261 2378 2358 superiores
2435 2258 2538 2330 illi
2598 2257 2875 2332 videtur
2923 2259 3291 2333 accedere.
3360 2264 3570 2332 Hunc
3626 2276 3868 2334 autem

885 2380 1208 2454 libellum
1240 2383 1471 2452 [amae
1505 2379 1716 2452 fuisse
1751 2381 2079 2476 ignotum
2111 2394 2291 2478 puto
2312 2382 2359 2452 ⁸.

987 2505 1040 2596 5
1076 2505 1259 2573 vm.
1319 2503 1646 2574 Donatus
1679 2515 1752 2572 et
1785 2499 1939 2598 ipse
1981 2501 2068 2572 iis
2103 2499 2324 2572 ferme
2357 2500 2811 2600 temporibus
2838 2499 3185 2573 Tabulam
3214 2500 3639 2574 Veleiatium
3672 2503 3871 2576 exhi-

893 2621 1051 2695 buit
1093 2624 1168 2694 in
1206 2646 1340 2695 suo
1364 2619 1790 2694 'l’hesauro⁸.

985 2745 1038 2836 5
1071 2747 1192 2814 IX.
1241 2747 1435 2814 Dum
1475 2741 1668 2814 hanc
1709 2767 1864 2816 rem
1907 2741 2104 2814 docti
2146 2743 2482 2814 homines
2528 2755 2791 2839 agunt,
2836 2765 3033 2813 anno
3068 2743 3297 2829 ⁴760,
3342 2742 3513 2814 maii
3562 2747 3678 2817 48·
3712 2742 3867 2838 die,

891 2861 1266 2960 epistolam
1326 2862 1418 2933 de
1467 2859 1732 2933 Tabula
1787 2861 1878 2933 ad
1941 2863 2336 2935 Parmensis
2403 2861 2685 2958 imperii
2750 2861 3157 2931 ministrum
3214 2863 3427 2932 Costa
3482 2861 3873 2936 canonicus

891 2983 1206 3082 scripsit,
1245 3007 1402 3080 quae
1436 2982 1566 3052 fuit
1597 2982 2034 3080 pervulgata.
2073 2981 2350 3052 Eodem
2385 3004 2609 3072 ann0,
2648 2983 2719 3052 3·
2736 2979 2854 3051 die
2880 2979 3101 3075 junii,
3142 2978 3233 3052 ad
3260 2980 3595 3052 eumdem
3628 2981 3873 3054 minis-

893 3130 1085 3189 trum
1117 3113 1384 3186 litteras
1411 3113 1604 3185 misit
1636 3109 2062 3207 Poggialius.
2107 3109 2444 3209 Ejusdem
2478 3123 2723 3181 autem
2758 3108 3023 3180 mensis
3056 3111 3123 3179 5·
3159 3108 3315 3199 die,
3365 3108 3463 3181 ad
3498 3134 3658 3183 can.
3696 3115 3871 3184 Cos-

888 3252 1034 3310 tam
1090 3234 1446 3333 rescripsit
1499 3233 1844 3305 minister.
1905 3230 2180 3303 Eodem
2233 3254 2466 3322 ann0,
2523 3232 2591 3301 8·
2638 3229 2753 3301 die
2794 3228 3016 3327 junii,
3085 3232 3440 3329 rescripsit
3494 3232 3648 3329 ipse
3700 3256 3865 3306 can.

892 3362 1130 3429 Costa.
1191 3354 1734 3453 inscriptionem
1783 3354 1978 3425 enim
1997 3406 2020 3445 ,
2068 3366 2454 3451 postquam
2495 3352 2789 3424 diversae
2848 3375 3061 3423 aeneae
3112 3350 3373 3423 tabulae
3423 3366 3659 3451 partes
3704 3367 3872 3452 apte

893 3490 1400 3577 coagmentatae
1434 3475 1761 3566 fuerunt,
1805 3472 2062 3545 Infanti
2093 3471 2463 3571 Philippo,
2491 3472 2859 3543 Parmensi
2890 3471 3096 3562 duci,
3134 3470 3395 3543 eodem
3428 3496 3625 3545 anno
3646 3472 3864 3564 ⁴760,

889 3624 1052 3673 can.
1092 3601 1306 3669 Costa
1338 3594 1720 3667 obtulerat.
1763 3594 1938 3665 Inde
1974 3594 2049 3665 in
2083 3594 2420 3666 Farnesio
2454 3592 2721 3692 palatio
2754 3592 3108 3665 collocata
3143 3609 3274 3667 est.

989 3719 1040 3809 5
1073 3719 1164 3787 Χ.
1208 3712 1547 3785 Nondum
1582 3726 1819 3785 tamen
1846 3712 2226 3809 quisquam
2261 3712 2337 3785 id
2373 3728 2524 3786 erat
2557 3727 2917 3785 assecutus
2951 3728 3033 3785 ut
3053 3714 3397 3786 Tabulam
3429 3730 3619 3787 recte
3652 3716 3868 3787 inter-

973 4048 1029 4101 1.
1065 4042 1210 4101 new
1235 4040 1461 4121 insigne
1483 4038 1700 4098 Tavola
1726 4036 1789 4095 di
1817 4035 2038 4095 bronzo
2078 4044 2366 4113 spettante
2406 4032 2464 4091 ai
2501 4029 2761 4091 sanciulli
2802 4049 2837 4088 e
2868 4028 3141 4089 sanciulle
3180 4030 3503 4105 alimentarj
3538 4030 3597 4091 di
3622 4032 3869 4107 Traiano

889 4152 1154 4226 Augusto
1179 4144 1314 4203 nell'
1339 4142 1507 4203 ltalia
1525 4184 1544 4216 ,
1575 4140 1968 4200 dissotterrata
1992 4137 2090 4199 nel
2123 4136 2412 4199 territorio
2451 4134 2514 4194 di
2554 4136 2857 4208 Piacenza,
2902 4133 3097 4191 l’anno
3133 4136 3309 4193 1747.
3350 4138 3545 4195 Intera
3580 4134 3863 4197 edizione.

889 4247 1258 4328 Esposizione
1283 4248 1426 4307 satta
1453 4245 1529 4305 da
1553 4245 1810 4304 Antonio
1829 4242 2126 4303 Lodovico
2151 4238 2432 4301 muratori
2448 4285 2465 4315 ,
2495 4252 2607 4299 etc.
2639 4270 2721 4284 —
2746 4238 2984 4319 Legitur
3006 4238 3129 4297 haec
3156 4236 3481 4297 dissertatio
3507 4240 3570 4299 in
3596 4240 3871 4312 Srmbolc‘s

893 4358 1188 4411 litterariis
1213 4350 1402 4423 Gorii‚
1429 4348 1550 4407 vol.
1569 4352 1642 4419 V,
1671 4348 1775 4425 qui
1801 4346 2008 4425 etipse
2034 4344 2380 4423 expositioni
2397 4342 2705 4401 Muratorii
2732 4341 3007 4421 praemisit
3038 4362 3215 4421 supra
3240 4342 3519 4421 scriptum
3546 4344 3867 4425 exemplar,

887 4457 969 4517 sic
993 4456 1206 4516 iterum
1235 4454 1666 4533 pervulgatum,
1695 4449 1904 4510 eodem
1931 4468 2084 4509 anno
2111 4450 2290 4507 1749.

970 4562 1034 4617 2.
1065 4562 1150 4617 De
1171 4576 1281 4617 usn
1311 4576 1379 4615 ac
1412 4555 1740 4635 praestantia
1763 4550 1998 4612 Tabulae
2023 4550 2284 4624 Trajanae
2315 4548 2376 4609 in
2396 4550 2530 4624 jure
2566 4566 2809 4607 romano
2846 4548 3121 4628 praesatus
3148 4548 3407 4629 auspicia
3442 4552 3701 4611 muneris
3722 4550 3872 4626 juri-

889 4662 1004 4721 dici
1037 4662 1098 4719 in
1128 4659 1440 4727 Academia
1465 4659 1748 4717 Alton-lina
1771 4676 1830 4716 a.
1853 4656 1914 4717 d.
1941 4676 2005 4713 xl
2023 4652 2330 4715 novembr.
2363 4656 2458 4712 clo
2485 4655 2743 4711 Ioccnvn
2770 4650 3105 4710 solemniter
3134 4649 3419 4729 capienda
3438 4649 3743 4711 adnuntiat
3768 4656 3866 4711 Jo.

885 4764 1186 4824 conradus
1212 4762 1427 4841 stigtiz.
1448 4763 1568 4837 jur.
1601 4773 1716 4821 utr.
1746 4758 1926 4832 doct.,
1953 4769 2065 4817 etc.

972 4870 1028 4926 3.
1062 4872 1370 4927 Ernestum
1401 4863 1816 4945 Spangenberg
1839 4880 1960 4921 non
1991 4859 2157 4919 latuit
2187 4882 2202 4917 ε
2231 4862 2266 4919 J
2267 4858 2390 4919 uris
2412 4856 2641 4917 romani
2676 4854 2907 4915 'rabulae
2931 4855 3298 4935 negotiorum
3325 4854 3691 4916 solemnium.
3728 4860 3873 4933 Lip-

885 4976 1006 5041 siae,
1038 4970 1220 5043 1822,
1251 4970 1384 5040 vn,
1411 4965 1802 5039 Miscellanea,
1827 4984 2012 5036 nxvu,
2041 4983 2100 5042 p.
2124 4964 2263 5022 308.

971 5073 1030 5127 4.
1059 5068 1336 5131 Thesaur.
1367 5068 1669 5128 novissim.
1697 5066 1960 5145 inscript.
1989 5084 2161 5146 graec.
2193 5077 2253 5124 et
2273 5067 2375 5128 lat.
2405 5068 2472 5122 T.
2502 5066 2585 5137 11,
2616 5082 2677 5141 p.
2710 5061 2853 5133 437,
2879 5056 2925 5139 S
2956 5061 2991 5117 9
3020 5060 3437 5135 (was-1775).
