5080 6254
2603 686 2998 758 ——30—

1312 850 1480 939 filia,
1514 853 1730 923 Lucio
1750 855 1939 921 Vero
1973 851 2281 923 nuberet
2302 855 2343 921 ¹.
2384 854 2551 922 Mox
2595 852 2670 923 in
2719 850 3078 923 honorem
3115 856 3464 926 Faustinae
3493 856 3805 927 Junioris
3839 856 3994 929 aliae
4023 859 4292 930 Fausti-

1310 974 1539 1057 nianae
1572 973 1905 1045 institutae
1932 987 2097 1043 sunt
2120 975 2165 1043 ¹.
2208 972 2489 1067 Insigne
2512 971 2828 1069 denique
2861 988 3184 1070 superest
3216 974 3290 1043 in
3317 975 3566 1045 Albani
3601 976 3768 1048 villa
3795 978 4290 1076 Anaglyphum

1310 1118 1353 1165 a
1389 1117 1537 1191 quo
1574 1094 2193 1165 Faustinianarum
2233 1093 2586 1164 institutio
2622 1093 2696 1163 in
2735 1093 3162 1165 memoriam
3197 1110 3600 1167 revocatur.

1408 1217 1459 1307 S
1510 1217 1628 1285 lV.
1685 1214 2019 1311 Sequitur
2073 1213 2428 1308 singulare
2484 1213 2856 1309 quoddam
2921 1214 3210 1310 privatae
3265 1215 3769 1289 munificentiae
3833 1218 4286 1316 exemplum,

1313 1331 1511 1428 quod
1544 1333 1912 1403 Antonino
1950 1333 2375 1429 imperante,
2418 1332 2692 1403 editum
2733 1332 2942 1403 fuisse
2977 1348 3216 1405 narrat
3251 1338 3519 1406 Fronto
3545 1338 3588 1406 ³.
3857 1426 3864 1431 .

1416 1482 1451 1517 «
1512 1452 1619 1523 Ad
1652 1452 1945 1547 (maius)
1980 1466 2385 1549 tempus....
2435 1453 2854 1523 et‚11arianis
2883 1456 2905 1491 ⁸
2951 1452 3260 1525 alumnis
3303 1454 3636 1527 masculis
3677 1455 4099 1553 seminisque
4148 1480 4291 1528 ses-

1314 1573 1603 1645 tertium
1650 1571 1939 1643 deciens
1986 1572 2277 1667 singulis
2318 1570 2604 1667 reliquit
2649 1573 3054 1645 usurarium
3095 1575 3478 1671 proprius!⁵
3521 1600 3738 1672 quam
3785 1574 4224 1674 propri(um)
4270 1604 4285 1644 :

1313 1716 1483 1763 nam
1516 1691 2021 1787 quinquagena
2054 1712 2297 1763 annua
2327 1690 2421 1761 ab
2452 1698 2762 1787 Augusta
2787 1694 2808 1731 ⁸
2846 1693 3141 1789 singulis
3176 1692 3332 1765 dari
3369 1694 3592 1788 jussit.
3641 1725 3676 1761 >>

1410 1814 1587 1897 Quae
1613 1832 1839 1908 quum
1870 1812 2129 1908 partim
2168 1812 2437 1883 incerta
2463 1811 2634 1901 sint,
2675 1836 2926 1883 eorum
2959 1826 3200 1883 tamen
3237 1814 3294 1883 si
3327 1812 3504 1883 mihi
3535 1813 3720 1885 bene
3751 1838 4001 1885 sensus
4033 1815 4294 1887 intelli·-

1315 1934 1528 2028 gitur,
1570 1932 1661 2003 de
1689 1931 2003 2030 quadam
2036 1933 2328 2003 Matidia
2360 1936 2382 1969 '¹
2422 1934 2656 2028 agitur
2689 1958 2849 2029 quae
2893 1933 3307 2005 hereditatis
3351 1936 3674 2023 nomine,
3714 1935 4002 2005 deciens
4041 1950 4297 2007 sester-

1314 2053 1495 2123 tium
1532 2053 1769 2149 pueris
1798 2052 2231 2149 pauperibus
2266 2056 2635 2151 utriusque
2669 2078 2878 2124 sexus
2909 2054 3227 2151 reliquit.
3273 2060 3356 2124 At
3390 2056 3442 2124 ii
3472 2055 3768 2153 quidem
3803 2054 3993 2125 hanc
4031 2068 4294 2127 sortem

1314 2197 1465 2243 non
1504 2170 1913 2243 retinebunt
1947 2184 2025 2241 ut
2058 2169 2193 2242 sibi
2224 2172 2636 2269 propriam,
2685 2173 2836 2268 ejus
2878 2172 3386 2244 tantummodo
3440 2198 3654 2245 usura
3701 2173 4058 2259 fruentur,
4098 2174 4294 2270 quod

1316 2292 1427 2365 his
1458 2292 1826 2364 vocabulis
1854 2293 2273 2390 exprimitur
2312 2321 2329 2362 ε
2375 2320 2410 2359 «
2444 2293 2748 2364 Deciens
2781 2294 3187 2365 usurarium
3218 2296 3556 2392 proprius
3585 2294 3695 2390 (id
3729 2309 3834 2365 est
3854 2298 4162 2390 propius
4185 2293 4296 2365 vel

1316 2414 1533 2485 etiam
1590 2411 1883 2509 potius)
1946 2436 2165 2507 quam
2226 2413 2631 2509 proprium.
2669 2440 2706 2477 ³>
2775 2414 2992 2509 Cujus
3048 2411 3486 2484 liberalitatis
3537 2436 3721 2485 cura
3789 2414 4132 2483 Faustinae
4201 2414 4299 2483 ita

1318 2534 1703 2605 commissa
1772 2546 1877 2603 est
1930 2544 2013 2603 ut
2066 2530 2359 2627 singulis
2417 2555 2654 2603 annua
2717 2532 3224 2630 quinquagena
3279 2533 3835 2628 assignarentur.
3903 2529 4298 2602 Verisimile

1318 2664 1558 2721 autem
1588 2663 1695 2721 est
1724 2648 1914 2721 hanc
1946 2672 2232 2721 usuram
2269 2651 2754 2748 quincuncem
2789 2651 3002 2723 fuisse
3037 2652 3128 2743 (i.
3169 2678 3234 2724 e.
3279 2658 3320 2726 5
3348 2678 3422 2751 p.
3451 2650 3625 2743 010)
3665 2666 3880 2749 atque
3913 2651 4079 2721 ideo
4107 2648 4328 2721 mille.

1318 2792 1623 2839 numero
1672 2768 1885 2839 fuisse
1939 2792 2204 2865 pueros
2252 2768 2347 2840 ad
2401 2795 2588 2866 quos
2631 2794 2720 2843 ea
2780 2772 3170 2869 pertineret
3219 2771 3632 2843 liberalitas.
3691 2775 3823 2843 Hic
3863 2785 4056 2843 certe
4117 2771 4298 2866 frag-

1320 2887 1545 2958 menti
1595 2900 1805 2959 tenor
1856 2900 2004 2977 est,
2040 2887 2115 2957 in
2166 2912 2317 2985 quo
2370 2902 2609 2961 tamen
2651 2890 3010 2961 nonnulla
3048 2889 3564 2962 desiderantur.
3618 2889 3936 2986 Mihique
3983 2890 4178 2959 venit
4225 2889 4298 2961 in

1319 3021 1637 3077 mentem
1668 3032 1707 3077 a
1736 3006 2026 3078 Matidia
2061 3008 2403 3079 Faustinae
2437 3010 2802 3105 ingentem
2836 3010 3216 3108 pecuniam
3254 3008 3464 3081 fuisse
3504 3009 3848 3081 donatam
3877 3064 3895 3097 ‚
3933 3034 4093 3106 quae
4135 3011 4298 3107 qui-

1320 3126 1487 3199 dem
1522 3125 1835 3220 Matidia,
1878 3141 1955 3199 ut
1987 3126 2181 3200 salva
2216 3143 2285 3201 et
2336 3130 2411 3200 in
2452 3145 2611 3202 tuto
2647 3131 3118 3204 collocaretur
3149 3132 3280 3202 ista
3318 3129 3697 3203 liberalitas
3729 3155 3924 3222 eam,
3966 3130 4302 3228 principis

1321 3243 1491 3316 fidei
1520 3246 2115 3344 patrocinandam
2149 3247 2638 3319 mandaverat.
2675 3253 3013 3319 Praeterea
3039 3248 3190 3320 fieri
3224 3251 3461 3346 potuit
3489 3265 3568 3320 ut
3599 3249 3816 3341 istud,
3850 3249 3942 3320 de
3972 3273 4116 3344 quo
4147 3251 4303 3342 agi-

1322 3381 1463 3455 tur,
1504 3365 1905 3450 heredium,
1939 3380 2011 3436 et
2045 3364 2224 3436 alios
2252 3365 2552 3436 haberet
2585 3391 2628 3436 a
2659 3365 2946 3462 quibus,
2989 3367 3298 3438 extincta
3338 3369 3694 3456 Faustina,
3727 3369 4186 3464 reciperetur,
4219 3391 4304 3439 ea

1323 3485 1591 3556 scilicet
1654 3486 1810 3581 lege
1866 3499 1945 3555 ut
2000 3483 2437 3582 pauperibus
2494 3498 2838 3583 perpetua
2909 3483 3108 3556 fieret
3169 3487 3570 3557 sestertium
3629 3487 4303 3584 quinquagenorum

1322 3605 1646 3676 donatia.

1422 3727 1473 3816 ᾗ
1506 3728 1596 3794 V.
1637 3723 1964 3794 Extincto
1997 3726 2092 3794 M.
2139 3721 2448 3810 AureliO,
2480 3722 2632 3818 jam
2662 3723 2934 3795 rariora
2972 3722 3268 3820 quidem
3311 3740 3781 3798 monumenta
3819 3727 4298 3824 reperiuntur,

1326 3867 1482 3940 quae
1517 3842 1943 3912 memoriam
1987 3841 2603 3913 alimentariorum
2647 3842 3095 3913 continuent.
3141 3871 3175 3910 κ
3225 3843 3474 3916 Didius
3517 3845 3838 3916 Julianus
3883 3869 4128 3918 curam
4175 3845 4304 3918 ali·

1324 3977 1735 4036 mentorum
1772 3963 1846 4033 in
1875 3961 2073 4033 Italia
2104 3961 2367 4033 meruit
2399 3963 2443 4030 ⁸.
2488 3992 2521 4026 ι»

1386 4173 1463 4238 ,1.
1499 4167 1617 4228 Jul.
1652 4167 2033 4247 Capitolinus,
2066 4188 2119 4226 c.
2154 4187 2265 4229 vn.

1404 4275 1463 4330 Ξ.
1506 4275 1629 4345 Id„
1661 4293 1713 4330 c.
1745 4291 1907 4331 xxv-1.

1406 4379 1463 4433 3.
1496 4379 1576 4434 Μ.
1610 4374 1862 4434 Cornelii
1886 4373 2197 4432 Frontonis
2224 4385 2285 4431 et
2308 4377 2389 4431 M.
2434 4371 2656 4431 Aurelii
2701 4372 3065 4450 imperatoris
3092 4373 3363 4452 Epistola
3385 4418 3401 4450 ,
3433 4389 3541 4435 etc.
3562 4422 3579 4452 ‚
3610 4390 3850 4436 curante
3877 4377 4102 4456 Angelo
4125 4376 4302 4438 Maio.

1323 4483 1529 4553 Rome,
1560 4482 1737 4537 1833.
1776 4478 1986 4557 Epist„
2018 4477 2061 4540 l.
2093 4481 2146 4550 1,
2172 4481 2273 4552 13,
2304 4497 2365 4556 p.
2396 4479 2536 4535 288.

1405 4587 1464 4641 4.
1504 4587 1615 4639 Vel
1636 4582 1891 4640 Uarianis
1917 4583 2098 4661 (Aug.
2130 4579 2368 4652 Maius).

1408 4695 1465 4749 5.
1500 4687 1594 4748 Sic
1628 4687 1810 4765 (Aug.
1843 4683 2081 4757 Maius).
2111 4715 2191 4726 —
2220 4685 2335 4741 Pro
2354 4684 2569 4758 potius.

1406 4792 1465 4849 6.
1498 4785 1769 4846 Faustina
1796 4785 1975 4845 Marci
2000 4787 2185 4864 (Aug.
2218 4784 2454 4859 Maius).

1408 4896 1467 4950 7.
1511 4893 1715 4950 Sermo
1760 4901 1847 4946 est
1881 4887 1955 4946 de
1994 4887 2317 4948 hereditate
2358 4887 2611 4946 Matidiae
2634 4931 2650 4960 ,
2701 4886 2774 4945 de
2819 4905 2936 4965 qua
2975 4886 3167 4946 recole
3205 4886 3278 4946 ad
3306 4890 3388 4949 M.
3421 4891 3662 4962 Anton„
3691 4887 3836 4967 imp.
3869 4908 3946 4960 11,
3981 4885 4080 4948 fin.
4117 4889 4307 4964 (Aug.

1328 4993 1563 5066 Maius).

1410 5099 1468 5153 8.
1500 5101 1689 5173 Spart.
1721 5115 1774 5154 c.
1804 5115 1871 5154 n.
