5080 6254
2553 726 2945 803 ...(36.-

1257 874 1441 997 quos
1472 897 1869 970 secundum
1919 909 2101 967 terra
2134 893 2363 966 divisa
2394 894 2580 987 erat)
2620 896 2757 964 iter
2782 892 3047 989 populo
3089 893 3272 963 sicut
3303 916 3436 989 per
3463 894 3660 962 uiam
3696 890 4061 989 publicam
4095 890 4228 960 de-

1256 1015 1467 1089 betur
1496 1042 1511 1087 :
1550 1014 1623 1087 id
1654 1015 1849 1086 enim
1887 1028 2178 1085 cautum
2214 1026 2319 1086 est
2352 1011 2508 1107 lege
2545 1012 2970 1109 Sempronia
3002 1024 3074 1082 et
3099 1010 3434 1084 Cornelia
3461 1023 3535 1083 et
3565 1010 3765 1103 Iulia.
3794 1008 4107 1096 Quidam
4143 1032 4226 1078 ex

1258 1134 1368 1206 his
1396 1134 1685 1207 latiores
1718 1148 1887 1206 sunt
1917 1157 2135 1231 quam
2167 1132 2336 1231 ped.
2360 1136 2515 1221 XII,
2543 1131 2660 1204 uel
2690 1145 2772 1202 ut
2801 1130 2904 1201 hii
2920 1130 3105 1227 (sic),
3128 1130 3252 1227 qui
3288 1110 3456 1202 sunt
3485 1156 3616 1229 per
3647 1133 3844 1201 uiczm
3866 1128 4226 1227 publicam

1260 1252 1641 1324 militarem
1673 1253 1810 1324 acti
1846 1278 1863 1320 ε
1900 1250 2171 1323 habent
2215 1250 2407 1323 enim
2446 1248 2899 1322 latitudinem
2939 1251 3072 1320 uiae
3093 1248 3417 1347 publicae.
3463 1280 3498 1315 ιο
3539 1254 3644 1321 Ex
3677 1275 3823 1348 quo
3857 1262 4054 1347 patet
4086 1248 4234 1320 dis-

1260 1370 1531 1442 crimen
1564 1370 1861 1467 aliquod
1896 1370 2107 1442 fuisse
2139 1372 2325 1440 inter
2359 1372 2650 1471 viamet
2683 1370 2967 1440 itinera.
2996 1368 3425 1455 Quin-addit
3451 1370 3603 1467 ipse
3635 1368 4039 1441 Henzenius
4073 1390 4228 1437 ver-

1263 1495 1437 1568 bum
1473 1486 1633 1571 POPJ
1660 1492 1915 1590 saepius
1967 1504 2385 1588 usurpatum
2426 1489 2641 1560 fuisse
2673 1512 2894 1586 quam
2930 1503 3007 1560 ut
3043 1489 3136 1561 ad
3179 1491 3360 1559 viam
3404 1488 3766 1587 publicam
3799 1488 4182 1587 pertineret
4204 1541 4224 1578 ,

1262 1640 1493 1713 eoque
1552 1611 1903 1707 designari
1969 1609 2123 1681 vult
2181 1612 2441 1680 itinera
2504 1606 2960 1706 municipalia
3013 1630 3322 1705 quorum
3391 1608 3542 1705 ipse
3597 1604 4086 1676 conditionem
4147 1629 4230 1675 ex

1262 1735 1504 1807 Siculo
1536 1732 1793 1803 Flacco
1822 1734 1841 1767 ¹
1885 1728 2249 1801 describit.

1363 1851 1513 1922 Alia
1542 1873 1715 1920 vero
1751 1874 1835 1919 ex
1871 1861 2093 1946 parte,
2119 1846 2419 1919 verbum
2454 1862 2602 1915 Pol).
2642 1845 2981 1920 adscribit
3009 1847 3189 1918 Cara
3212 1844 3460 1941 fundis
3487 1842 3773 1914 domino
3799 1840 4226 1930 vacantehus,

1264 1972 1389 2067 qui
1420 1968 1693 2068 populo
1728 1972 2053 2039 Romano
2080 1969 2193 2040 vel
2218 1968 2480 2039 civitati
2508 1967 3021 2058 tribuerentur,
3056 1965 3256 2060 cujus
3289 1966 3392 2036 rei
3419 1964 3560 2035 hoc
3581 1979 3898 2039 sumtum
3927 1992 3967 2037 a
3995 1961 4233 2033 Siculo

1264 2090 1518 2163 Flacco
1539 2094 1562 2128 ⁸
1591 2089 1861 2188 profert
1903 2103 2407 2184 argumentum
2452 2118 2469 2160 ε
2514 2120 2550 2155 α
2579 2092 2974 2186 Postquam
3007 2115 3178 2187 ergo
3211 2094 3518 2166 maiores
3555 2094 3878 2190 regiones
3909 2116 3996 2162 ex
4027 2090 4233 2163 hoste

1262 2222 1485 2307 captae
1514 2232 1768 2279 uacare
1796 2222 2192 2305 coeperunt,
2229 2206 2405 2278 alios
2438 2232 2648 2302 agros
2679 2206 3077 2281 diuiserunt
3108 2210 3663 2307 adsignauerunt
3697 2238 3714 2282 ε
3754 2213 3852 2283 ita
3879 2234 4236 2282 remanse-

1266 2344 1433 2400 runt
1484 2327 1602 2399 alii
1646 2341 1725 2397 ut
1780 2341 2019 2397 tamen
2062 2326 2310 2423 populi
2360 2326 2664 2397 Romani
2705 2342 2975 2416 essent,
3029 2344 3106 2399 ut
3138 2344 3244 2401 est
3302 2330 3376 2400 in
3423 2331 3683 2402 Piceno
3714 2344 3785 2401 et
3826 2332 3899 2400 in
3945 2332 4235 2425 regione

1266 2448 1588 2538 Reatina,
1627 2446 1704 2517 in
1729 2444 1992 2542 quibus
2016 2444 2426 2539 regionibus
2453 2458 2736 2517 montes
2763 2449 3064 2518 Romani
3089 2448 3564 2547 appellantur,
3589 2474 3755 2521 nam
3790 2465 3958 2521 sunt
3985 2450 4238 2549 populi

1270 2567 1599 2657 Romani,
1632 2589 1942 2661 quorum
1976 2566 2275 2661 uectigal
2304 2564 2396 2637 ad
2428 2566 2756 2637 aerarium
2791 2567 3122 2663 pertinet.
3161 2596 3196 2634 n

1365 2683 1582 2772 Quod
1643 2684 1744 2775 si,
1797 2682 2113 2777 legendis
2169 2684 2773 2779 agrimensor-ibus
2819 2685 3193 2782 diligenter
3241 2687 3626 2761 attenderis
3655 2742 3674 2777 ,
3730 2688 3906 2760 nihil
3951 2686 4236 2761 obstare

1268 2805 1551 2877 videtur
1607 2804 1781 2901 quin
1833 2801 2189 2875 vocabulo
2252 2830 2288 2870 κ
2332 2802 2646 2900 populus
2699 2834 2734 2869 n
2787 2805 3139 2903 quidquid
3191 2808 3436 2905 populi
3489 2808 3793 2879 civitatis
3831 2806 4008 2904 juris
4055 2824 4236 2879 esset

1267 2924 1772 3021 interpreteris,
1818 2924 1973 2993 Hoc
2010 2922 2273 2993 etenim
2302 2946 2605 3011 nomen,
2639 2947 2799 2996 mea
2840 2928 3222 3018 sententia,
3263 2926 3398 2998 sibi
3437 2926 3806 3000 vindicant
3835 2942 3906 2999 et
3939 2930 4231 3017 ite'toera,
4334 3011 4340 3018 .

1268 3060 1339 3115 et
1367 3045 1489 3114 viae
1510 3042 1836 3142 publicae,
1876 3056 1948 3113 et
1979 3044 2146 3142 agri
2156 3041 2452 3140 publici,
2494 3058 2710 3142 atque
2743 3069 2960 3116 omne
2990 3045 3336 3143 praedium
3372 3047 3881 3146 quodcumque
3913 3050 4238 3121 omnium

1267 3180 1374 3237 est
1409 3164 1831 3254 indivisum,
1874 3179 1944 3236 et
1988 3163 2191 3261 quod
2224 3163 2318 3235 ad
2358 3164 2676 3262 privatos
2724 3190 2872 3236 non
2917 3167 3252 3263 pertinet.
3303 3169 3579 3240 Etenim
3617 3193 3747 3240 cur
3794 3199 3826 3234 c<
3859 3167 4167 3266 populus
4199 3197 4234 3234 »ι

1270 3284 1706 3356 vocabulum
1750 3282 1952 3381 quod
1991 3282 2167 3353 nihil
2212 3283 2385 3352 certi
2436 3285 2510 3352 in
2561 3282 2777 3354 titulis
2822 3284 3215 3379 significat,
3261 3310 3412 3356 non
3455 3303 3523 3357 et
3578 3287 3671 3358 ad
3725 3288 3976 3360 itinera
4028 3290 4240 3385 perti-

1271 3405 1506 3475 nuerit
1558 3429 1707 3475 non
1752 3403 1964 3474 video
1990 3457 2008 3492 ,
2047 3417 2171 3474 aut
2213 3401 2305 3472 ad
2358 3401 2730 3498 municipii
2777 3401 3040 3499 praedia
3083 3401 3404 3500 publica,
3447 3428 3613 3475 cum
3655 3417 3955 3500 utraque
3991 3403 4241 3502 populi

1272 3523 1535 3618 pariter
1565 3534 1824 3593 essent.
1862 3518 2081 3606 Quod
2116 3520 2175 3590 si
2206 3517 2421 3613 hujus
2452 3518 2791 3612 vocabuli
2821 3519 3240 3616 significatio
3282 3521 3543 3619 duplex
3581 3522 4034 3614 non-fuisset,
4069 3522 4246 3592 veri·

1273 3639 1502 3712 simile
1541 3653 1649 3710 est
1694 3639 2060 3737 propriam
2110 3661 2315 3710 suam
2364 3637 2918 3736 appellationem
2967 3640 3070 3710 rei
3117 3665 3267 3710 non
3323 3640 3730 3714 defuturam
3786 3640 4021 3713 fuisse.
4063 3645 4246 3714 Cara

1275 3775 1513 3830 autem
1550 3757 1871 3856 publicos
1908 3757 2173 3857 fundos
2214 3758 2758 3850 tantummode,
2796 3760 3056 3829 itinera
3089 3762 3491 3856 Henzenius
3527 3761 3836 3860 (quibus
3873 3759 4136 3834 addam
4174 3775 4245 3832 et

1274 3902 1407 3976 ego
1489 3882 1673 3950 viam
1732 3877 2176 3978 publicam),
2241 3879 2598 3952 vocabulo
2673 3882 2809 3952 isto
2861 3880 3240 3977 significari
3286 3896 3583 3972 censet3
3657 3907 3791 3978 ego
3855 3907 4029 3954 vero
4079 3907 4246 3954 cen·

1276 4023 1401 4071 seo
1444 4023 1647 4072 suam
1680 4000 1967 4096 utrique
2002 3997 2508 4094 significationi
2550 4000 3046 4072 auctoritatem
3089 4025 3269 4093 esse,
3313 4000 3572 4073 eodem
3607 4001 3832 4072 verbo
3871 4015 4244 4096 utramque

1276 4120 1629 4192 contineri
1656 4119 1996 4218 potuisse.
2032 4120 2317 4190 Etenim
2343 4119 2417 4188 in
2459 4119 2667 4190 titulo
2701 4144 2918 4215 quem
2957 4119 3246 4192 exhibet
3270 4121 3552 4210 Zellius,
3599 4118 3694 4190 de
3724 4121 4041 4216 quodam
4083 4120 4244 4189 loco

1271 4237 1502 4332 agitur
1552 4235 1655 4306 ad
1700 4241 1963 4307 Martis
2012 4236 2357 4335 templum
2406 4235 2540 4306 sito
2571 4235 2911 4332 juxtaque
2949 4239 3144 4309 viam
3185 4238 3532 4336 Appiam3
3579 4263 3805 4335 quum
3848 4261 4020 4309 vero
4067 4251 4245 4307 tem-

1272 4357 1471 4454 plum
1538 4381 1770 4454 nuper
1829 4356 2397 4428 demonstratum
2460 4357 2549 4427 sit
2613 4355 3011 4428 admodum
3063 4382 3294 4458 prope
3355 4359 3652 4458 Appiam
3706 4372 3986 4458 portam
4035 4359 4246 4428 sitnm

1356 4594 1413 4649 1.
1444 4591 1505 4650 si
1528 4589 1813 4650 vocabulo
1836 4592 2075 4670 proprio
2108 4593 2193 4650 uti
2212 4593 2506 4669 volumus,
2534 4593 2659 4654 haec
2682 4595 2891 4656 itinera
2917 4604 3182 4657 vicinales
3211 4606 3310 4658 οἰκ
3335 4612 3497 4675 sunt;
3526 4591 3587 4658 izi
3615 4601 3808 4661 Siculo
3827 4602 4030 4660 Flacco
4057 4603 4140 4660 sic
4165 4602 4251 4658 le-

1272 4693 1465 4771 gitur:
1496 4719 1523 4744 a
1683 4691 2051 4765 Muniuntur,
2076 4712 2182 4772 per
2208 4713 2389 4774 pagos
2406 4695 2706 4769 (uicinales
2735 4699 2898 4775 uiae),
2927 4698 2990 4757 id
3009 4711 3096 4759 est
3117 4719 3223 4780 per
3247 4701 3548 4778 magistros
3576 4721 3854 4782 pagorum
3877 4745 3892 4774 ,
3919 4703 4020 4778 qui
4047 4721 4252 4780 operas

1258 4814 1309 4866 ,a
1340 4794 1759 4873 possessoribus
1787 4795 1861 4854 ad
1890 4815 1986 4855 eas
2014 4797 2257 4857 tuendas
2284 4798 2519 4879 exigere
2547 4800 2702 4860 soliti
2730 4816 2888 4878 sunt,
2917 4816 3039 4876 aut,
3068 4815 3134 4862 ut
3157 4805 3570 4881 comperimus,
3603 4803 3914 4882 unicuique
3943 4803 4251 4882 possessori

1276 4917 1382 4975 per
1410 4896 1667 4978 singulos
1697 4917 1867 4978 agros
1897 4911 2053 4957 certa
2086 4900 2269 4978 spatia
2294 4900 2682 4980 assignantur,
2719 4923 2850 4982 quae
2875 4905 2996 4964 suis
3024 4905 3300 4984 impensis
3330 4916 3620 4964 tueantur.
3645 4931 3671 4956 ο
3703 4909 3790 4964 De
3815 4901 4254 4963 condicionibus

1277 5018 1501 5079 agror.,
1538 5020 1597 5078 p.
1625 5003 1767 5072 146,
1798 5000 1937 5059 edit.
1968 5003 2272 5062 Rudorffii.

1358 5103 1416 5158 2.
1458 5105 1579 5176 td„
1610 5101 1781 5176 ibid„
1808 5123 1868 5182 p.
1898 5107 2033 5164 136.
