5080 6254
2197 627 2591 698 -49-

905 789 1262 863 civitatem
1295 795 1550 863 Lucan
1578 788 1840 862 fundos
1870 791 2233 888 possidere
2267 793 2338 864 in
2367 792 2569 893 pagis
2602 797 2884 864 Amans!
2916 805 2984 862 et
3013 795 3367 862 Mimnwo
3392 807 3465 864 et
3482 795 3886 884 sunum,

904 913 1028 1006 qui
1061 935 1232 982 sane
1267 911 1506 982 minus
1533 910 1626 983 ab
1657 910 1931 1009 oppido
1951 915 2390 985 Vanum-mm
2420 911 2807 985 distabant.
2857 913 3076 984 Multa
3112 911 3422 1009 denique
3456 928 3624 983 sunt
3658 937 3891 984 exem-

906 1027 1026 1126 pla
1057 1030 1424 1102 civitatum
1461 1029 1676 1102 ltaliae
1708 1030 1782 1101 in
1812 1031 2272 1129 Transalpina
2295 1030 2526 1102 Gallia
2563 1030 2825 1102 fundos
2856 1028 3375 1127 possidentium
3395 1035 3437 1099 ¹.
3474 1031 3613 1101 Sed
3644 1031 3700 1102 si
3732 1030 3889 1102 sun·-

906 1146 1040 1218 dos
1089 1150 1352 1221 multos
1398 1149 1490 1221 ab
1547 1149 1836 1250 oppidis
1880 1154 2025 1224 suis
2078 1167 2443 1249 separatos
2491 1152 2871 1251 saepissime
2929 1151 3139 1222 fuisse
3190 1150 3575 1249 accipimus
3603 1207 3623 1242 ‚
3675 1166 3890 1250 prout

906 1269 1226 1366 Populus
1263 1273 1626 1344 Romanus
1672 1295 1899 1345 novas
1935 1271 2214 1368 subegit
2249 1275 2578 1370 regiones
2601 1327 2619 1362 ,
2664 1289 2736 1344 et
2785 1272 3088 1344 coloniis
3139 1272 3250 1342 vel
3284 1272 3690 1368 municipiis
3720 1273 3890 1344 istas

907 1410 1134 1458 novas
1170 1404 1390 1460 terras
1426 1389 1782 1477 attribuit,
1824 1415 1974 1462 non
2009 1392 2358 1462 continuo
2389 1392 2683 1464 credere
2705 1391 3041 1476 volumus
3076 1391 3389 1488 integros
3422 1415 3644 1490 pagos
3676 1391 3890 1488 longe

906 1501 1247 1581 distantes
1295 1509 1388 1581 ab
1432 1510 1610 1582 urhe
1656 1533 1785 1582 sua
1825 1526 2102 1584 creatos
2143 1512 2376 1584 fuisse.
2431 1517 2677 1600 Quum
2729 1511 3026 1606 alicujus
3078 1512 3287 1582 ltaliae
3338 1511 3639 1583 civitatis
3684 1512 3887 1584 fundi

907 1629 980 1699 in
1021 1628 1248 1701 Gallia
1292 1630 1406 1700 siti
1449 1644 1718 1718 essent,
1768 1645 2064 1729 propter
2111 1633 2376 1704 tributa
2417 1630 2879 1704 solummodo
2918 1634 3180 1702 scimus
3222 1632 3391 1704 istos
3432 1631 3729 1723 fundos,
3774 1633 3885 1704 vel

911 1748 1284 1845 vectigales
1315 1749 1428 1821 vel
1469 1749 2184 1848 emphyteuticarios,
2235 1777 2380 1824 suae
2418 1750 2579 1823 urbi
2615 1750 2975 1847 vectigalia
3012 1751 3311 1823 solvere.
3360 1755 3603 1840 Quum
3645 1767 3884 1826 autem

909 1881 1172 1941 terram
1212 1869 1630 1974 vectigalem
1676 1887 2084 1942 exercentes
2117 1875 2356 1944 omnia
2393 1872 2643 1944 eadem
2672 1873 2836 1968 jura
2860 1867 3208 1943 haherent
3238 1886 3451 1968 atque
3489 1873 3535 1943 ii
3568 1873 3692 1969 qui
3724 1899 3886 1972 pro-

904 1989 1058 2087 prie
1113 1989 1308 2062 illam
1357 1990 1819 2088 possidebant
1845 2047 1863 2080 ‚
1922 1995 2462 2090 magistratuum
2515 2008 2755 2065 autem
2814 1995 2993 2064 alius
3043 1993 3155 2064 vel
3202 1994 3543 2090 proximae
3588 1996 3887 2068 civitatis

909 2109 1014 2180 vel
1052 2111 1265 2182 etiam
1301 2112 1686 2210 provinciae
1709 2169 1728 2205 ‚
1772 2114 1845 2183 in
1881 2139 2025 2210 qua
2060 2114 2172 2184 siti
2212 2113 2456 2205 fundi,
2497 2113 2790 2184 fortasse
2822 2111 3003 2208 juris
3046 2125 3272 2183 erant.

1005 2229 1424 2302 Veleiatium
1461 2246 1700 2304 autem
1733 2231 1996 2304 fundos
2028 2235 2101 2305 in
2153 2233 2600 2305 occidentem
2640 2232 2948 2330 patuisse
2994 2245 3307 2318 constat3
3346 2229 3649 2328 plurima
3685 2254 3885 2302 nam-

903 2371 1051 2442 que,
1078 2349 1375 2419 nomina
1408 2348 1836 2444 quibusdam
1880 2351 2079 2450 pagis
2109 2349 2614 2422 adscribuntur
2643 2349 3009 2421 civitatum
3046 2351 3120 2419 in
3154 2347 3457 2420 occidua
3492 2363 3690 2447 parte
3724 2351 3885 2423 sita-

905 2491 1096 2556 rum,
1147 2468 1330 2540 sicut
1369 2471 1666 2542 nomina
1701 2495 2048 2568 pagorum
2083 2475 2452 2562 ALBENsls‚.
2487 2474 2849 2541 Surium
2871 2523 2890 2560 ,
2940 2475 3277 2544 mmmm
3298 2525 3314 2558 ,
3340 2473 3876 2565 Vsnoizuffls1s3

907 2587 1098 2658 unde
1135 2603 1370 2660 tamen
1407 2615 1556 2660 non
1594 2603 1792 2660 certo
1833 2589 2135 2662 efficitur
2178 2589 2352 2661 istos
2397 2613 2623 2687 pagos
2663 2588 2873 2658 fuisse
2920 2589 3090 2660 sitos
3130 2587 3265 2659 sub
3309 2589 3669 2661 moenibus
3706 2594 3883 2662 Vna·

905 2735 1309 2800 OELLARUM,
1355 2715 1912 2782 ALnAE-Pomuzm
1951 2711 2252 2808 (Alba),
2309 2713 3225 2794 AQUARUM-STATOELLARUM
3261 2711 3567 2810 (Aequi)
3618 2727 3690 2782 et
3741 2717 3879 2785 Au-

903 2849 1140 2897 cus‘rffi
1171 2832 1682 2900 BAcmnonmu
1719 2829 1938 2923 (cittlz
1973 2827 2052 2898 di
2081 2828 2310 2926 Bene)
2332 2834 2394 2920 '3
2439 2829 2565 2901 sed
2599 2833 2917 2900 VELEIAM
2962 2830 3215 2926 saepius
3254 2855 3420 2902 cum
3471 2831 3879 2926 regionibus

905 2947 1220 3018 occiduis
1255 2947 1527 3044 aliquid
1557 2974 1946 3022 commune
1978 2950 2339 3036 habuisse,
2394 2963 2465 3021 et
2503 2974 2591 3020 ex
2624 2949 3115 3022 munificentia
3162 2965 3471 3042 senatuS‚
3521 2952 3669 3022 istis
3694 2955 3877 3048 agris

905 3065 1276 3165 subjectis,
1322 3093 1648 3167 eousque
1693 3071 2005 3169 patuisse
2052 3094 2134 3142 ac
2182 3070 2444 3143 fundos
2485 3069 2819 3143 habuisse
2868 3073 3048 3142 sicut
3086 3071 3237 3167 jam
3277 3071 3368 3142 de
3415 3075 3873 3147 vmcxnmsn

898 3213 1084 3285 pago
1119 3190 1270 3286 ipse
1302 3215 1462 3261 sum
1506 3190 1965 3288 probaturus·

997 3310 1048 3399 S
1083 3311 1264 3377 Xlll.
1306 3308 1522 3396 Quod
1563 3310 1622 3379 si
1666 3312 2062 3381 recentiora
2097 3312 2396 3382 nomina
2429 3311 2624 3383 idem
2652 3323 2909 3381 sonent
2936 3323 3149 3405 atque
3176 3309 3416 3407 priora
3448 3310 3689 3407 (quod
3721 3314 3875 3409 qui-

895 3426 1060 3499 dem
1085 3428 1474 3500 maximum
1492 3428 1882 3501 Pitarellius
1899 3447 2426 3526 argumentum,
2451 3431 2627 3527 quin
2648 3444 2719 3501 et
2739 3430 3033 3500 unicum
3054 3426 3377 3525 protulit,
3401 3436 3481 3497 ut
3502 3452 3712 3497 suum
3736 3428 3877 3499 cui·

895 3574 1036 3646 que
1065 3549 1291 3622 fundo
1318 3550 1600 3623 Tabula·
1628 3552 1872 3623 locum
1903 3553 2352 3649 assignaret),
2387 3555 2627 3624 minus
2654 3552 2725 3622 id
2752 3550 3060 3648 probare
3082 3548 3257 3620 mihi
3280 3548 3588 3637 videtur,
3622 3549 3873 3626 eadem

896 3671 1090 3743 enim
1122 3674 1422 3744 nomina
1467 3673 1640 3743 locis
1688 3673 1984 3746 diversis
2031 3700 2215 3772 saepe
2265 3676 2336 3744 iu
2395 3674 2506 3744 his
2546 3672 2957 3767 regionibus
2992 3670 3209 3741 hodie
3247 3685 3698 3766 usurpantur.
3738 3672 3863 3742 Di-

893 3818 1053 3865 cere
1089 3794 1280 3867 enim
1313 3819 1460 3865 non
1495 3819 1792 3892 possum
1821 3820 2042 3891 quam
2081 3796 2288 3867 multi
2325 3795 2466 3865 sint
2500 3794 2637 3865 vici
2661 3807 2764 3882 et,
2807 3808 2886 3864 ut
2916 3792 3156 3864 Italica
3185 3814 3401 3885 quam
3434 3814 3473 3861 a
3500 3794 3874 3866 Germanis

896 3916 1196 3986 mutuati
1229 3929 1397 3985 sunt
1421 3938 1600 3985 voce
1628 3929 1814 4004 utar,
1838 3913 2106 4012 borghi,
2131 3915 2255 4011 qui
2278 3912 2408 3984 tihi
2432 3911 2685 3983 eadem
2719 3913 3016 3983 nomina
3042 3909 3433 4009 praebentes
3461 3926 3862 3983 occurrant.

893 4035 1091 4105 Sicut
1135 4039 1500 4125 Matr-ano,
1556 4034 2052 4133 Corneglian0‚
2103 4032 2637 4131 Cornegll’as00‚
2687 4034 3008 4101 Mis-rano
3030 4085 3048 4118 ,
3105 4026 3453 4101 Nc'bbiano
3472 4084 3494 4116 ,
3538 4044 3707 4122 etc.,
3760 4045 3861 4121 ut,

895 4150 966 4219 in
995 4149 1294 4243 Tabula,
1334 4151 1574 4249 plures
1607 4164 1773 4225 sunt
1815 4152 2018 4223 fundi
2051 4155 2365 4223 MAmAm
2386 4208 2404 4241 ,
2433 4156 2899 4239 Commmx,
2933 4154 3296 4239 Massam,
3323 4155 3627 4243 mem,
3665 4149 3861 4224 dicti.

893 4272 970 4339 ln
1015 4285 1357 4369 promptu
1400 4286 1638 4343 autem
1671 4274 1807 4344 erit
1851 4298 2232 4369 agnoscere
2270 4272 2598 4347 Pitarellii
2640 4274 3067 4345 sententiam
3098 4296 3249 4350 ,non
3290 4271 3455 4343 satis
3486 4270 3708 4341 firmis
3754 4294 3869 4342 ar-

891 4391 1248 4485 gumentis
1287 4392 1532 4482 inniti,
1572 4418 1798 4489 quum
1845 4394 2195 4491 imprimis
2241 4394 2392 4464 istae
2436 4393 2936 4463 similitudines
2967 4393 3183 4463 etiam
3218 4417 3366 4462 non
3401 4390 3671 4487 ubique
3703 4395 3867 4463 satis

897 4525 1248 4582 constent.
1307 4512 1502 4599 Quid
1553 4514 1744 4584 enim
1794 4538 2180 4584 commune
2235 4514 2422 4585 inter
2467 4517 3003 4603 Pispnmmnmr,
3064 4510 3263 4584 fundi
3316 4509 3685 4607 cujusdam
3736 4536 3866 4581 no-

973 4722 1028 4777 1.
1067 4718 1197 4776 Vid.
1229 4720 1342 4796 Op.
1379 4718 1535 4778 doct.
1577 4720 1820 4798 Capmas
1855 4742 1869 4775 t
1905 4717 2330 4798 l'Emphyteose
2357 4678 2671 4793 (memoire
2692 4718 2986 4776 couronne
3026 4736 3133 4795 par
3165 4715 3219 4773 la
3253 4715 3480 4773 Faculte
3510 4714 3583 4772 de
3610 4714 3761 4773 droit
3790 4714 3861 4773 de

887 4820 1082 4895 Paris)
1110 4818 1182 4879 de
1203 4840 1321 4896 quo
1349 4840 1526 4899 supra
1551 4819 1822 4879 diximus.
2954 4899 2960 4905 ν

966 4922 1024 4979 2.
1056 4921 1340 4981 Durandi.
1377 4922 1783 4981 Dissertazioni
1817 4943 1990 5001 sopra
2019 4922 2076 4983 le
2107 4922 2338 4982 antiche
2364 4922 2499 4982 citta
2536 4920 2597 4979 di
2622 4920 2856 4981 Pedona
2878 4964 2893 4993 ,
2924 4940 3073 4992 ecc„
3117 4939 3177 4998 p.
3210 4922 3311 4977 81.
3342 4952 3421 4963 -
3448 4918 3535 4977 Cf.
3565 4917 3861 4977 Piemonte

884 5022 1206 5103 Cispadane
1233 5024 1446 5096 antico,
1483 5044 1543 5103 p.
1575 5027 1691 5082 180
1719 5038 1776 5083 et
1798 5029 1932 5085 18¹.

3545 5126 3579 5180 7
