5080 6254
2075 679 2483 750 -45-

791 851 1046 923 Veleiae
1103 863 1178 920 et
1235 849 1308 917 in
1370 845 1659 918 Basilica
1711 855 2028 942 repertas
2087 842 2240 940 ipse
2284 865 2420 938 ego
2458 837 2611 912 vidi
2658 839 2729 908 in
2786 842 3029 911 Museo
3076 839 3407 912 Farnesio
3470 839 3775 936 effigiem

793 969 1194 1068 Agrippinae
1223 967 1536 1064 majoriS‚
1572 964 1974 1064 Agrippinae
2005 962 2331 1054 minoris,
2359 961 2663 1034 Neronis
2686 959 2999 1050 infantis,
3023 961 3430 1032 Germanici
3461 983 3547 1032 ac
3569 966 3779 1032 Faus·

791 1091 954 1162 tinae
986 1087 1408 1188 praebentes.
1443 1087 1622 1174 Quae
1649 1081 1943 1182 quidem
1989 1081 2233 1154 omnia
2272 1079 2635 1152 coloniam
2668 1077 2769 1150 ibi
2801 1079 3145 1152 exstitisse
3186 1079 3505 1152 indicant
3550 1082 3776 1180 magis

789 1234 1008 1308 quam
1059 1221 1258 1278 certo
1311 1201 1837 1276 demonstrant.
1896 1205 2140 1289 Quum
2190 1215 2430 1272 autem
2493 1200 2730 1297 ipsum
2786 1198 3092 1272 coloniae
3145 1198 3583 1272 vocabulum
3638 1227 3775 1275 nec

787 1329 978 1427 apud
1025 1327 1410 1424 scriptores
1457 1348 1592 1396 nec
1635 1324 1708 1394 in
1755 1321 2244 1394 monumentis
2286 1319 2583 1392 diversis
2629 1343 3045 1418 expressum
3099 1319 3226 1412 sit,
3276 1319 3591 1392 Veleiam
3638 1346 3773 1420 pro

789 1447 1074 1522 colonia
1111 1444 1378 1517 habere
1411 1442 1749 1540 equidem
1788 1463 1936 1513 non
1971 1439 2228 1510 ausim.

890 1568 942 1659 S
981 1569 1098 1635 IV.
1139 1567 1532 1634 pmcn-ru
1557 1615 1578 1652 ‚
1616 1559 1710 1633 ad
1743 1559 2004 1631 urbem
2037 1556 2392 1629 hodierno
2423 1555 2542 1627 die
2568 1559 2923 1628 Piacenza
2954 1556 3220 1632 dictam
3252 1558 3381 1630 sita
3404 1613 3423 1648 ‚
3458 1559 3775 1658 primum

793 1683 1078 1756 colonia
1115 1685 1470 1772 Romana,
1512 1694 1762 1776 postea
1795 1675 2268 1773 municipium
2309 1674 2535 1746 fuerat
2552 1678 2595 1746 ¹.
2756 1687 2763 1693 ’

887 1803 939 1892 5
971 1802 1060 1870 V.
1103 1803 1352 1870 Panna
1379 1796 1666 1868 colonia
1709 1797 1932 1884 erat¹3
1981 1799 2176 1866 Luci
2208 1808 2447 1865 autem
2481 1796 2771 1868 colonia
2803 1810 2874 1867 et
2909 1796 3387 1895 municipium
3408 1799 3452 1867 ⁸.

889 1923 940 2012 5
973 1922 1095 1990 Vl.
1135 1922 1460 1989 mmm
1490 1932 1732 1990 autem
1763 1914 2088 1987 conditio
2121 1939 2280 2011 quae
2306 1914 2517 1987 fuerit
2553 1916 2905 1988 incertum
2932 1930 3061 1988 est.
3102 1919 3259 1987 Hoc
3282 1915 3662 2014 oppidum,
3700 1933 3779 1990 ut

791 2035 1242 2110 doctissimus
1273 2034 1858 2108 Walckenaerius
1890 2033 2337 2122 arbitratui-⁸,
2376 2033 2471 2106 ad
2500 2034 2745 2106 locum
2787 2035 3062 2108 dictum
3092 2032 3314 2107 hodie
3348 2041 3771 2127 Lavezzara,

793 2158 1034 2229 minus
1061 2155 1442 2228 distantem
1475 2179 1516 2227 a
1548 2155 1714 2226 loco
1749 2153 1942 2225 dicto
1979 2154 2298 2241 Decimo,
2337 2153 2553 2225 situm
2584 2169 2763 2226 erat.

888 2278 940 2367 5
974 2278 1125 2343 Vll.
1177 2277 1352 2359 Quae
1399 2287 1639 2343 autem
1673 2285 1825 2344 erat
1869 2269 1990 2342 illa
2027 2285 2222 2346 sexta
2263 2270 2510 2343 civitas
2544 2275 2849 2362 Annum,
2886 2272 3183 2344 nomine
3223 2287 3502 2346 tantum
3549 2276 3621 2346 in
3662 2281 3777 2346 ln-

790 2394 1174 2492 scriptione
1223 2390 1632 2488 designata?
1701 2397 1782 2463 ln
1831 2390 2090 2463 eodem
2122 2391 2602 2463 Walckenarii
2658 2416 2877 2490 opere
2893 2395 2941 2485 ⁸,
2994 2394 3343 2493 scriptura
3387 2396 3775 2495 geographi

789 2509 1098 2608 Scylacis
1148 2511 1470 2582 restituta
1493 2565 1513 2598 ‚
1563 2511 1666 2581 sic
1711 2509 2063 2604 legimus:
2107 2538 2144 2574 «
2337 2509 2559 2606 Apres
2591 2511 2659 2581 le
2692 2512 2921 2583 {leuve
2964 2511 3251 2602 Rhone,
3302 2527 3469 2584 sont
3516 2537 3778 2588 encore

797 2667 830 2700 α
855 2637 958 2707 les
994 2632 1280 2727 Ligures
1305 2627 1594 2726 jusqu’a
1629 2629 1956 2717 Antium3
1994 2628 2173 2701 dans
2205 2645 2390 2702 cette
2423 2629 2673 2727 region
2706 2647 2813 2702 est
2839 2633 2909 2703 la
2938 2631 3103 2703 ville
3133 2657 3440 2730 grecque
3473 2633 3566 2704 de
3593 2637 3777 2707 Mas-

798 2787 830 2822 «
857 2755 1070 2838 salia3
1105 2752 1208 2822 les
1237 2747 1558 2820 colonies
1591 2747 1683 2820 de
1717 2749 2034 2819 Massalia
2067 2763 2233 2821 sont
2243 2801 3767 2826 ........................

797 2902 832 2938 u
1009 2875 1108 2942 La
1137 2868 1575 2964 navigation,
1606 2864 1705 2938 du
1733 2867 1984 2939 Rhone
2013 2866 2054 2938 ὲ
2082 2869 2404 2960 Antium,
2443 2883 2549 2940 est
2577 2869 2669 2940 de
2698 2885 2949 2966 quatre
2986 2874 3200 2944 nuitS.
3242 2871 3461 2971 Apres
3484 2875 3773 2948 Antium

799 3019 833 3056 α
859 3004 965 3061 est
999 2989 1068 3060 la
1112 2987 1360 3057 nation
1399 2983 1526 3056 des
1571 2983 2046 3082 Tyrrheniens
2079 2983 2294 3080 jusqu
2324 2985 2365 3056 ὲ
2405 2985 2476 3058 13
2506 2986 2671 3062 ville
2706 2987 2797 3058 de
2833 2993 3096 3078 Rome,
3135 3005 3210 3060 et
3249 2991 3319 3061 la
3362 2991 3771 3086 navigation

797 3140 830 3174 α
853 3106 1218 3179 d’Antium
1243 3101 1527 3200 ju-squ'a
1560 3103 1630 3174 la
1650 3102 1814 3175 ville
1847 3103 1938 3175 de
1962 3107 2182 3175 Rome
2211 3117 2318 3175 est
2348 3103 2441 3175 de
2471 3119 2722 3201 quatre
2746 3104 2951 3203 jours
2974 3121 3045 3179 et
3063 3106 3157 3179 de
3176 3121 3427 3205 quatre
3456 3109 3708 3182 nuits⁸.
3732 3142 3766 3177 »ι

733 3314 744 3325 υ
885 3226 1254 3299 Cluverius
1307 3224 1474 3319 legit
1518 3247 1666 3293 non
1722 3227 2000 3296 Annum
2047 3224 2174 3295 sed
2219 3229 2520 3317 Amnum
2574 3226 3159 3299 Walckenaerius
3203 3241 3443 3299 autem
3492 3234 3773 3301 Ammu

789 3346 1116 3419 eamdem
1149 3368 1299 3416 esse
1332 3343 1688 3416 civitatem
1725 3357 1940 3439 atque
1968 3345 2294 3415 Genuam
2329 3368 2416 3415 ex
2457 3346 2809 3416 mensuris
2845 3344 3154 3441 Scylacis
3194 3346 3470 3443 putavit
3494 3400 3513 3437 ,
3550 3371 3769 3444 quam

789 3464 1080 3563 quidem
1117 3463 1541 3534 sententiam
1576 3460 2032 3553 confirmare,
2063 3462 2139 3533 ni
2177 3462 2406 3555 fallor,
2441 3461 2869 3536 Veleiatium
2902 3464 3271 3563 inscriptio
3294 3466 3601 3538 videtur.

884 3590 936 3679 ἓ
970 3587 1154 3656 Vlll.
1192 3584 1389 3655 Sicut
1419 3597 1490 3654 et
1533 3596 1784 3654 ceterae
1816 3606 2131 3653 romanae
2165 3584 2520 3675 civitates,
2561 3584 2659 3655 ita
2688 3582 2763 3654 in
2798 3609 3021 3682 pagos
3059 3584 3473 3658 Veleiatium
3509 3602 3578 3659 et
3616 3589 3770 3660 Pla-

785 3706 1278 3793 centinorum,
1318 3704 1468 3799 jam
1517 3718 1588 3777 et
1637 3702 2128 3775 Parmensium
2170 3702 2487 3773 civitates
2536 3701 3072 3777 dividebantur.
3122 3706 3442 3779 Arbitror
3474 3707 3769 3803 quidem

786 3830 1153 3897 mem
1173 3880 1192 3913 ‚
1230 3828 1484 3896 Luem
1517 3838 1588 3895 et
1625 3826 1905 3895 Axi-mu
1936 3821 2254 3893 civitates
2285 3846 2436 3892 non
2473 3845 2697 3920 pagos
2729 3824 3045 3919 integros
3078 3823 3152 3894 in
3186 3825 3477 3919 regione
3514 3824 3767 3897 Veleiae

786 3962 858 4018 et
898 3946 1263 4018 Placentiae
1293 3943 1667 4035 habuisse,
1714 3942 1838 4015 sed
1873 3957 2156 4015 tantum
2189 3940 2453 4014 fundos
2483 3942 2873 4013 nonnullos
2905 3943 2978 4013 in
3012 3941 3210 4041 pagis
3252 3944 3461 4014 trium
3498 3944 3766 4016 vicina-

864 4250 892 4303 1
909 4290 922 4303 .
953 4245 1122 4305 Cluv.
1149 4244 1278 4305 Ital.
1303 4244 1564 4321 antiqua,
1588 4262 1652 4322 p.
1675 4244 1815 4314 267,
1844 4238 1940 4299 ed.
1967 4238 2168 4301 ElzeV.
2197 4238 2362 4297 in-r.
2385 4260 2402 4310 ;
2427 4270 2507 4281 —
2523 4234 2919 4296 Dictionnaire
2946 4230 3021 4291 de
3045 4230 3395 4312 geographie
3425 4230 3498 4289 de
3530 4235 3767 4290 Lamar-

781 4347 1009 4407 tiniere.

860 4453 920 4509 2.
958 4450 1121 4509 Cluv.
1157 4451 1270 4520 id„
1305 4468 1368 4526 p.
1399 4450 1542 4519 273,
1574 4446 1717 4509 ibid.
1739 4444 1991 4506 —Dict.
2023 4444 2100 4505 de
2126 4443 2566 4503 Lamartiniere.

861 4556 918 4611 3.
951 4550 1118 4610 Cluv.
1145 4552 1258 4624 id„
1287 4570 1347 4629 p.
1383 4552 1523 4621 506,
1556 4548 1696 4610 ibid.
1728 4578 1808 4592 -
1827 4548 1980 4607 Dict.
2012 4546 2086 4605 de
2113 4544 2553 4605 Lamartiniere.

733 4658 759 4679 ·’
856 4656 915 4710 4.
949 4652 1348 4723 Walckenaer‚
1377 4648 1746 4731 Gcographie
1772 4648 2078 4726 comparee
2105 4647 2208 4706 des
2235 4647 2388 4705 deux
2411 4643 2659 4719 GauleS,
2690 4654 2732 4703 t.
2766 4647 2847 4715 11,
2870 4656 3019 4723 part.
3052 4646 3131 4717 11,
3156 4641 3251 4700 ch.
3284 4662 3369 4717 xv,
3404 4662 3463 4719 p.
3494 4644 3643 4713 1093
3678 4672 3758 4685 —

777 4750 863 4811 cf.
895 4751 1064 4808 Plinii
1089 4750 1236 4809 Hist.
1267 4754 1428 4823 Nat„
1455 4754 1561 4823 111,
1593 4756 1651 4823 7,
1683 4763 1726 4812 t.
1757 4754 1838 4821 11,
1876 4770 1936 4828 p.
1968 4754 2069 4823 75,
2100 4749 2240 4809 edit.
2263 4746 2450 4807 Nicol.
2474 4746 2565 4806 El.
2594 4747 2882 4807 Lemaire.

857 4858 910 4914 5.
952 4855 1166 4932 Geogr.
1199 4854 1506 4932 comparee
1535 4852 1638 4913 des
1656 4852 1810 4911 deux
1837 4852 2075 4926 Gaules,
2107 4850 2148 4912 1.
2179 4856 2230 4924 1,
2260 4863 2411 4931 part.
2443 4853 2496 4925 1,
2524 4848 2622 4910 ch.
2652 4870 2721 4923 11,
2743 4866 2804 4925 p.
2842 4849 2916 4905 32
2946 4860 3004 4905 et
3031 4845 3182 4905 suiv.

855 4958 914 5014 6.
950 4955 1038 5013 Cs.
1069 4954 1322 5031 Scylacis
1353 4953 1654 5033 Periplus;
1687 4954 1972 5015 Gronovii
1999 4952 2368 5035 Geographia
2405 4950 2670 5028 antiqua,
2704 4968 2764 5028 p.
2798 4952 2833 5007 3
2861 4962 2921 5007 et
2946 4952 3005 5007 4.
3052 4952 3260 5022 Lerde,
3302 4950 3491 5019 1700,
3532 4950 3593 5005 2·
3616 4947 3759 5011 edit.

773 5057 1076 5118 Gronovii.
