5080 6254
2545 708 2681 731 ·-—-
2727 678 2974 748 20-

1390 846 1533 913 Has
1560 842 1981 937 quaestiones
2018 840 2299 913 solvent
2340 840 2694 913 nonnulla
2723 856 3050 913 veterum
3099 843 3340 912 Romae
3377 836 4052 934 jurisconsultorum
4091 836 4272 932 frag·

1294 972 1531 1030 menta
1567 983 1723 1054 quae
1760 959 2063 1053 Digestis
2094 960 2356 1031 inserta
2388 975 2580 1032 sunt.

1390 1079 1552 1173 Agri
1580 1079 1945 1149 civitatum
1971 1078 2085 1149 alii
2110 1080 2503 1178 vectegales‚
2534 1080 2649 1150 alii
2681 1082 2848 1151 hon.
2877 1080 3272 1178 Vectigales
3301 1078 3748 1151 vocabantur
3775 1078 3900 1175 qui
3934 1076 4270 1149 locaban-

1290 1213 1407 1268 tur
1442 1200 1515 1269 in
1550 1213 2012 1297 perpetuum,
2057 1199 2191 1271 hac
2222 1199 2378 1295 lege
2418 1214 2497 1271 ut
2542 1224 2865 1271 annuum
2897 1199 3194 1295 vectigal
3246 1198 3764 1295 penderetur¹;
3821 1197 4269 1294 quaequidem

1287 1319 1363 1388 in
1414 1332 1843 1415 perpetuum
1892 1318 2282 1391 locationes
2336 1318 2501 1392 ideo
2542 1318 2951 1389 necessariae
3001 1318 3196 1390 factae
3240 1332 3444 1389 erant
3489 1332 3568 1389 ut
3611 1316 4082 1415 agricolarum
4119 1330 4270 1388 stu·

1288 1438 1490 1511 dium
1526 1439 1973 1527 excitaretur,
2010 1463 2156 1535 quo
2192 1453 2519 1536 tempore
2550 1437 2912 1533 neglectus
2941 1434 3328 1533 languebat
3360 1460 3696 1531 agrorum
3730 1436 4004 1521 cultus;
4047 1434 4270 1507 immo

1290 1555 1492 1626 utiles
1529 1570 1599 1627 et
1633 1557 2036 1629 commodae
2065 1556 2516 1629 habebantur
2545 1556 2948 1628 civitatibus
2981 1582 3190 1653 agros
3235 1557 3800 1655 possidentibus,
3857 1572 4071 1654 atque
4113 1556 4270 1629 illos

1286 1677 1677 1773 praesertim
1725 1701 1955 1773 agrOS,
2014 1679 2170 1774 qui,
2228 1692 2305 1749 ut
2348 1704 2533 1775 saepe
2587 1677 3003 1769 eveniebat,
3058 1678 3308 1775 procul
3351 1704 3394 1751 a
3441 1680 3835 1776 municipio
3881 1677 4264 1749 distabant.

1287 1798 1567 1888 Postea,
1592 1822 1817 1895 quum
1837 1798 2311 1870 locationibus
2330 1798 2483 1869 istis·
2500 1822 2585 1871 ea
2610 1800 3102 1897 imponeretur
3121 1799 3444 1871 conditio
3469 1814 3574 1891 ut,
3601 1801 3726 1896 qui
3748 1799 4015 1869 locaret
4031 1822 4262 1892 agros,

1288 1916 1619 1987 meliores
1652 1917 1840 2008 illos,
1880 1916 2259 1989 arboribus
2294 1917 2604 2015 exempli
2651 1918 2873 2014 gratia
2907 1914 3405 2008 conserendis,
3444 1929 3840 2013 praestaret,
3879 1914 4270 1985 locationes

1286 2036 1438 2107 illas
1465 2036 1986 2133 emphyteoses,
2028 2062 2193 2107 eum
2224 2038 2650 2133 qui-locaret
2683 2034 3190 2134 emphyteotan
3211 2092 3229 2127 ,
3263 2054 3478 2131 atque
3507 2058 3713 2133 agros
3746 2037 3938 2132 ipsos
3971 2032 4268 2131 emphy-

1284 2158 1714 2247 teuticariOS,
1754 2182 1797 2228 a
1832 2156 2055 2228 verbo
2086 2164 2454 2252 ἐμφυτεύειν,
2495 2156 2761 2228 dixere.
2811 2156 3110 2243 Idcirco,
3149 2156 3225 2227 in
3259 2157 3556 2253 Digestis
3577 2160 3622 2248 ²,
3666 2156 3929 2252 duplex
3975 2155 4094 2226 illa
4128 2180 4267 2225 vox

1280 2300 1455 2373 ager
1480 2276 1837 2373 vectigalis
1870 2290 1939 2345 et
1969 2300 2143 2373 ager
2168 2275 2870 2372 emplzyteutz'carz'us,
2908 2275 3059 2345 sine
3084 2274 3232 2346 ullo
3263 2276 3697 2366 discrimine,
3725 2276 4036 2366 vicissim
4068 2300 4270 2347 usur—

1280 2410 1529 2492 patur3
1574 2418 1880 2491 quarum
1917 2396 2141 2493 prior,
2179 2394 2635 2492 quaequidem
2679 2394 2931 2467 eadem
2979 2410 3086 2467 est
3134 2396 3521 2490 antiquior,
3568 2396 3772 2467 Plinii
3821 2395 4266 2493 temporibus

1281 2513 1521 2586 adhuc
1557 2514 1710 2585 sola
1748 2515 1820 2584 in
1861 2539 1989 2585 usu
2026 2528 2199 2585 erat.

1380 2635 1523 2721 Qui
1549 2633 1966 2729 vectigalem
2002 2658 2253 2731 agrum
2286 2632 2766 2725 conducebat,
2807 2634 3193 2707 heredibus
3234 2634 3405 2726 suiS,
3440 2637 3664 2705 immo
3695 2634 3916 2705 tertiae
3949 2657 4267 2731 personae

1270 2753 1389 2851 jus
1422 2779 1631 2825 suum
1679 2755 2152 2825 transmittere
2200 2768 2514 2851 poterat3
2577 2754 2822 2825 civitas
2869 2768 3106 2825 autem
3155 2754 3228 2825 in
3275 2754 3801 2851 possessionem
3839 2755 3986 2849 agri
4039 2752 4266 2825 redire

1280 2873 1657 2971 nequibat,
1696 2875 1827 2979 nisi
1864 2874 2163 2971 vectigal
2198 2875 2328 2973 ipsi
2370 2900 2519 2946 non
2555 2875 2870 2947 solutum
2905 2875 3211 2947 suisset⁸.

1375 2991 1515 3063 Sed
1544 3017 1629 3063 ex
1646 2992 1824 3091 jure
1852 2994 2148 3091 quidem
2178 2993 2389 3083 civili,
2429 2996 2489 3065 is
2518 2995 2646 3090 qui
2677 2992 3134 3065 conducebat
3167 3016 3444 3088 agrum,
3484 2993 3822 3065 dominus
3862 3018 4006 3063 non
4047 2992 4266 3065 habe-

1277 3110 1511 3184 batur.
1556 3112 1797 3183 Cebz'lis
1818 3114 2256 3210 propn'etm,
2298 3114 2624 3210 quamvis
2654 3112 2916 3184 locatio
2953 3125 3298 3211 perpetua
3330 3127 3547 3204 esset,
3587 3111 3679 3184 ad
3713 3112 4070 3183 civitatem
4107 3137 4267 3210 per-

1278 3231 1573 3304 tinebat.
1632 3237 1960 3305 Attamen
1995 3258 2079 3305 ex
2115 3234 2290 3330 jure
2310 3235 2683 3330 praetor-1⁸0,
2723 3235 2781 3304 is
2813 3235 2936 3331 qui
2971 3258 3181 3329 agros
3226 3233 3300 3303 in
3343 3247 3770 3331 perpetuum
3817 3231 4264 3304 conducebat

1277 3349 1526 3421 similis
1562 3375 1763 3447 paene
1795 3352 2096 3423 domino
2132 3353 2372 3425 fiebat.
2407 3355 2592 3425 Huic
2625 3353 2820 3424 enim
2857 3359 3145 3443 Praetor,
3184 3357 3542 3424 actionum
3572 3355 3850 3426 atilium
3884 3355 4114 3440 titulo,
4150 3377 4268 3426 eas

1280 3468 1501 3540 dabat
1530 3471 1874 3562 actiones,
1902 3495 2079 3567 quas
2106 3473 2223 3569 jus
2251 3473 2481 3560 civile,
2519 3477 2877 3544 actionum
2905 3474 3210 3546 civilium
3241 3477 3560 3568 nomine,
3585 3475 3898 3546 Domino
3927 3473 4141 3546 dabat
4174 3501 4266 3543 ex

1262 3587 1441 3682 jure
1470 3591 1837 3686 quiritium
1863 3592 2213 3664 obtinenti
2244 3595 2634 3692 praesertim
2665 3598 3306 3668 actionem-itt-mm
3337 3595 3611 3685 utilem,
3645 3595 3716 3668 id
3747 3610 3876 3682 est,
3915 3598 4264 3666 acteonem

1286 3705 1768 3778 Publicianam
1790 3713 1832 3779 ⁶.
1886 3711 2103 3807 lgitur
2139 3715 2262 3809 qui
2308 3738 2560 3809 agrum
2591 3715 3014 3811 vectigalem
3049 3714 3536 3804 conducebat,
3571 3713 3884 3786 habebat
3915 3714 4106 3784 idem
4141 3713 4264 3784 do·

1284 3829 1584 3900 minium
1606 3835 2027 3926 praetorium
2062 3831 2175 3903 vel
2199 3831 2655 3927 bom'tan'um,
2684 3835 2883 3932 quod
2919 3834 3157 3906 media
3187 3848 3416 3922 aetate,
3445 3833 3840 3906 dominium
3870 3834 4042 3904 utile
4075 3832 4265 3904 dice-

1284 3949 1527 4039 batur3
1568 3945 1833 4024 civitati
1866 3931 2108 4025 autem
2142 3953 2603 4026 solummodo
2626 3953 3019 4025 dominium
3053 3969 3202 4027 erat
3237 3981 3330 4026 ex
3346 3955 3523 4052 jure
3549 3956 3942 4052 quiritium,
3969 3951 4260 4041 nudum,

1368 4248 1425 4304 1.
1457 4246 1789 4325 Digest.VI,
1824 4249 1881 4306 3.
1915 4249 2079 4307 Paul.
2111 4253 2211 4310 21.
2252 4279 2277 4304 u
2297 4251 2440 4331 Agri
2460 4251 2756 4310 civitatum
2793 4252 2890 4310 alii
2917 4257 3212 4329 vectIgales
3245 4264 3553 4322 vocantur,
3585 4249 3771 4326 quiin
3797 4260 4142 4325 perpetuum
4173 4243 4264 4300 lo-

1284 4359 1589 4408 cantur....
1622 4370 1731 4406 non
1759 4356 2054 4428 oectIgules
2080 4365 2213 4410 sunt
2243 4354 2345 4432 qui
2372 4355 2451 4413 ita
2478 4355 2704 4413 colendi
2732 4355 2962 4429 dantur,
2993 4367 3055 4413 ut
3087 4353 3354 4433 privatim
3379 4373 3549 4431 agros
3572 4369 3798 4410 nostros
3829 4349 4101 4407 colendos
4127 4346 4266 4404 dare

1284 4449 1637 4512 solemus....
1668 4477 1693 4502 »ι
1726 4451 1859 4513 vid.
1890 4453 2041 4513 infra
2070 4459 2259 4528 (Parte
2290 4457 2491 4528 tertia,
2522 4477 2651 4536 cap.
2675 4479 2720 4532 1,
2749 4456 2794 4538 S
2830 4461 2908 4529 7).
2952 4455 3116 4516 Pauli
3159 4455 3711 4515 commentationem
3755 4455 3811 4511 in
3845 4465 4082 4511 extenso
4123 4469 4266 4526 pro-

1285 4553 1483 4613 latam.

1368 4657 1426 4710 2.
1461 4655 1709 4733 Digest.,
1744 4657 1785 4715 l.
1818 4660 1915 4732 IV,
1955 4658 2040 4718 tit.
2076 4663 2133 4718 3.
2165 4659 2405 4720 Rubric.
2436 4667 2597 4739 Aget·
2619 4665 2936 4739 vectigalis,
2970 4663 3034 4716 id
3055 4668 3141 4718 esi
3167 4661 3798 4737 emphyteuticarius....

1369 4758 1426 4813 3.
1469 4781 1493 4806 «ι
1518 4757 1630 4829 Qui
1666 4757 1725 4816 in
1756 4772 2097 4838 perpetuum
2131 4760 2374 4819 fundum
2409 4763 2718 4821 fruendum
2747 4763 3151 4820 conduxerunt
3177 4782 3211 4821 a
3249 4760 3666 4839 municipibuS,
3697 4756 3960 4837 quamvis
3985 4775 4102 4813 non
4133 4756 4263 4812 effi-

1287 4853 1513 4916 ciantur
1539 4857 1757 4917 domini
1794 4862 1893 4936 [ex
1915 4871 2051 4935 jure
2088 4866 2432 4941 quititiut›1],
2462 4876 2658 4923 tamen
2693 4864 2906 4943 placuit
2943 4877 3273 4942 competere
3301 4863 3386 4922 eis
3426 4869 3484 4919 in
3522 4883 3638 4918 rem
3673 4861 3958 4920 actionem
3987 4859 4264 4918 adversus

1287 4960 1549 5034 quemvis
1577 4981 1959 5040 possessorem
1980 5011 1995 5038 ,
2030 4965 2131 5024 sed
2166 4979 2223 5026 et
2248 4965 2526 5027 adversus
2553 4967 2708 5046 ipsos
2737 4967 3074 5046 municipes.
3100 4992 3126 5018 n
3171 4965 3385 5046 Digest.
3423 4965 3560 5022 ibid.

1372 5067 1430 5120 4.
1462 5063 1549 5120 Id.
1581 5062 1722 5122 ibid.
2438 5077 2443 5084 ·
