5080 6254
2161 711 2554 788 ...33-

869 883 1356 972 eleemosynas
1400 878 1888 953 commendat.
1949 879 2399 973 Paganorum
2443 898 2794 976 pauperes
2841 875 3053 946 simili
3102 898 3275 947 cura
3323 899 3409 947 ac
3452 900 3623 948 suos
3654 877 3854 949 alunt

871 998 1189 1086 Galilaei;
1266 997 1692 1070 erubescant
1769 995 2070 1067 deorum
2143 993 2519 1093 pontifices
2585 1019 2601 1066 ι
2670 1023 2707 1064 κ
2748 1049 2767 1067 .
2794 1049 2811 1066 .
2840 1050 2856 1067 .
2884 1050 2902 1066 .
2942 999 3199 1092 Δίσχρὸν
3260 997 3377 1095 γὰρ
3436 1000 3491 1068 εἰ
3550 1009 3675 1067 τῶν
3739 1003 3851 1093 μὲν

873 1149 906 1183 α
947 1113 1248 1187 Ἰουδαίων
1303 1112 1498 1196 οὐδεὶς
1557 1125 1881 1212 μεταιτεῖ·
1935 1117 2212 1210 τρέφουσι
2268 1109 2338 1186 δὲ
2388 1117 2446 1185 οἱ
2505 1095 2813 1196 &Scaeae
2866 1123 3191 1186 Γαλιλαῖοι
3239 1119 3381 1211 πρὸς
3437 1131 3565 1198 τοῖς
3621 1125 3850 1188 ἑαυτῶν

875 1267 911 1300 α
952 1241 1056 1308 καὶ
1097 1243 1240 1318 τοὺς
1281 1241 1602 1334 ἡμετέρους
1624 1265 1639 1281 ·
1673 1241 1730 1307 οἱ
1771 1231 1841 1306 δὲ
1888 1239 2168 1332 ἡμέτεροι
2209 1247 2323 1316 τῆς
2359 1235 2502 1331 παρ’
2549 1243 2723 1331 ἡμῶν
2768 1237 3108 1331 ἐπικουρίας
3155 1229 3374 1315 ἐνδεεῖς
3428 1237 3760 1330 φαίνονται.
3808 1267 3841 1304 ιο

876 1355 1146 1428 ibidem
1181 1355 1863 1428 valetudinariorum
1887 1353 2348 1450 (νοσοκομείων)
2381 1354 2823 1426 mentionem
2862 1354 3051 1427 facit.
3091 1358 3273 1426 Tum
3305 1356 3380 1426 in
3417 1378 3849 1454 unaquaque

870 1478 1150 1548 civitate
1200 1474 1496 1548 aedificia
1520 1529 1540 1564 ,
1597 1474 1882 1572 publica
1925 1474 2240 1573 hospitia
2263 1530 2282 1567 ,
2333 1499 2458 1546 seu
2489 1531 2510 1565 ‚
2562 1499 2839 1572 graeee‚·
2880 1472 3235 1572 ξενοδοχεῒα
3285 1476 3679 1574 eriguntur.
3742 1477 3847 1549 lbi

873 1596 1132 1694 hospes
1167 1595 1504 1694 recipitur
1529 1595 1850 1693 quisquis
1881 1595 2120 1694 inopia
2156 1592 2460 1686 laborat,
2499 1595 2702 1667 nullo
2736 1594 2903 1668 fidei
2934 1595 3182 1668 habito
3215 1595 3669 1668 discrimine:
3702 1623 3850 1695 quo

871 1716 1171 1787 consilio
1209 1716 1282 1786 in
1315 1715 1665 1788 Galatiam
1692 1715 2031 1788 frumenti
2062 1714 2476 1788 modiorum
2524 1715 2811 1812 triginta
2862 1715 3081 1789 millia
3121 1732 3193 1789 et
3231 1716 3591 1812 sexaginta
3636 1716 3853 1790 millia

876 1837 1021 1907 vini
1059 1836 1268 1907 mittit
1299 1838 1714 1934 imperator.

969 1953 1350 2026 Historiam
1409 1955 2018 2027 alimentariorum
2067 1980 2216 2028 non
2265 1957 2561 2030 ulterius
2603 1979 2885 2054 sequar.
2942 1957 3443 2053 Ingruentibus
3480 1957 3805 2030 barbaris
3828 2014 3846 2047 ,

873 2098 1102 2144 novus
1134 2073 1355 2170 surgit
1387 2098 1624 2146 rerum
1661 2075 1871 2146 ordo.
1913 2074 2190 2148 Obruta
2223 2075 2650 2148 Veleiatium
2686 2075 2933 2148 civitas
2966 2076 3321 2148 evanescit
3366 2101 3385 2146 t
3422 2076 3853 2173 titulumque

875 2193 1330 2266 alimentariae
1374 2194 1686 2267 historiae
1739 2195 2326 2294 pretiosissimum
2388 2222 2616 2296 usque
2666 2196 2742 2268 in
2796 2195 3131 2269 saeculum
3182 2203 3427 2268 xv111¹'·²
3476 2194 3849 2267 conditum

873 2327 1058 2383 terra
1090 2326 1344 2385 servat.
