5080 6254
2611 686 3006 761 ...40-

1416 855 1467 947 S
1501 855 1683 924 vnl.
1720 856 1797 923 In
1832 852 2113 926 decima
2143 852 2349 924 tertia
2384 852 2720 949 pactione
2740 904 2760 941 ,
2805 849 3319 949 obligationem
3365 852 3762 927 fundorum
3797 856 3896 927 Μ.
3937 858 4302 930 Mommeii

1321 973 1613 1065 Persici,
1674 996 1835 1071 quae
1875 972 2170 1071 quidem
2219 973 2459 1069 magni
2497 972 2850 1044 momenti
2891 986 3083 1065 erat,
3125 996 3167 1044 a
3201 972 3539 1044 Cornelio
3579 973 3950 1047 Gallicano
3981 979 4002 1015 ⁸
4039 974 4300 1066 factam

1320 1088 1531 1163 fuisse
1560 1093 1914 1186 videmus,
1949 1094 2099 1191 qui,
2127 1109 2209 1166 ut
2236 1094 2554 1167 ostendit
2590 1092 3020 1190 Burghesius
3050 1107 3262 1190 atque
3289 1093 3440 1191 jam
3476 1094 3628 1192 ipse
3664 1096 4232 1169 commemoravi
4247 1100 4294 1187 ⁸,

1322 1212 1693 1285 Praefectus
1722 1212 2233 1285 Alimentorum
2269 1228 2445 1304 erat,
2484 1237 2574 1284 eo
2601 1212 2871 1284 scilicet
2901 1209 3332 1307 fungebatur
3363 1236 3665 1284 munere
3690 1213 3917 1309 quod,
3955 1232 4298 1311 regnante

1314 1331 1645 1428 'l'rajan0‚
1684 1333 1775 1405 ad
1808 1332 2237 1407 clarissimos
2271 1334 2463 1405 viros
2501 1332 2933 1431 pertineret,
2971 1332 3322 1430 quodque
3353 1346 3768 1404 curatorum
3803 1334 4016 1405 etiam
4055 1334 4296 1409 officio

1314 1467 1896 1552 anteponeretur.
1967 1459 2041 1525 ln
2084 1453 2355 1526 Tabula
2395 1453 2823 1525 Veleiatium
2871 1453 3140 1525 horum
3189 1453 3746 1527 clarissimorum
3781 1454 4102 1526 virorum
4153 1481 4297 1527 no·—

1312 1572 1509 1643 mina
1550 1588 1705 1645 tum
1740 1573 2035 1645 demum
2070 1572 2247 1644 mihi
2279 1572 2624 1670 inscripta
2661 1571 2874 1643 fuisse
2910 1570 3273 1663 videntur,
3325 1598 3553 1671 quum
3601 1572 3694 1645 de
3733 1576 4060 1645 maximis
4106 1574 4298 1648 obli·-

1312 1692 1718 1789 gationibus
1757 1708 2107 1789 ageretur.
2155 1692 2261 1764 lbi
2298 1692 2491 1765 enim
2527 1692 2760 1788 agitur
2787 1690 2880 1764 de
2913 1688 3153 1763 fundis
3184 1692 3311 1791 qui
3345 1692 3758 1765 summatim
3801 1708 3878 1761 Hs
3912 1696 3940 1765 4
3985 1696 4124 1770 180
4145 1698 4292 1772 600

1312 1813 1751 1887 aestimantur
1781 1828 1853 1886 et
1885 1837 2019 1911 pro
2070 1828 2147 1881 Rs
2186 1814 2282 1886 94
2300 1814 2445 1886 765
2478 1812 2916 1909 obligantur.

1411 1936 1463 2025 S
1497 1937 1612 2004 IX.
1673 1937 1753 2003 ln
1806 1946 2057 2030 quarta
2105 1933 2383 2005 decima
2439 1933 2848 2066 pactione-⁸,
2895 1930 3139 2003 Albius
3169 1930 3544 2003 Secundus
3581 1876 3884 2003 fundum
3929 1930 4289 2007 Julianum

1311 2078 1475 2125 cum
1520 2053 1796 2151 figlinis·
1827 2052 2121 2151 obligat.
2168 2056 2381 2125 Terra
2438 2064 2684 2125 autem
2737 2050 2840 2123 sic
2895 2050 3317 2154 vocabatur,
3371 2051 3444 2123 in
3481 2062 3725 2123 nostra
3754 2048 4046 2143 Tabula,
4097 2053 4290 2127 unde

1308 2166 1549 2265 figlina
1590 2170 1919 2243 materies
1950 2170 2393 2243 sumebatur.

1405 2290 1455 2383 S
1487 2295 1577 2361 X.
1608 2292 1703 2363 ⁴ln
1754 2304 1947 2364 sexta
1994 2289 2275 2364 decima
2313 2290 2650 2390 pactione
2681 2292 2728 2379 ⁸,
2775 2311 2945 2361 cum
2991 2288 3073 2358 C.
3120 2285 3344 2359 Coelio
3379 2289 3563 2358 Vero
3611 2284 3828 2377 facta,
3873 2288 4284 2359 Cornelium

1304 2409 1751 2483 Gallicanum
1788 2411 2417 2509 Pomponiumque
2442 2414 2739 2483 Bassum
2771 2406 3102 2481 videmus
3126 2406 3277 2504 jam
3311 2407 3512 2508 prius
3548 2406 3866 2504 ejusdem
3896 2407 4100 2479 Coelii
4126 2412 4286 2481 Veri

1306 2527 1568 2602 fundos
1601 2531 2131 2629 oppignerasse.

1400 2652 1453 2741 S
1486 2652 1606 2719 XI.
1648 2649 1963 2747 Septima
1998 2662 2068 2721 et
2105 2649 2383 2721 decima
2416 2650 2656 2747 pactio
2689 2650 2714 2689 ⁸
2745 2671 2913 2720 cum
2955 2651 3034 2721 L.
3072 2648 3306 2719 Annio
3337 2643 3599 2718 Rufino
3635 2644 3823 2719 facta
3861 2660 3963 2718 est
4002 2672 4041 2718 a
4078 2653 4284 2721 Pom·

1307 2770 1527 2866 ponio
1566 2772 1805 2861 Basse,
1853 2770 2016 2868 qui,
2056 2772 2456 2868 imperante
2481 2768 2810 2866 Trajano,
2849 2782 2931 2841 ut
2956 2766 3336 2841 Cornelius
3371 2766 3804 2858 Gallicanus,
3844 2766 4278 2844 Alimentarii

1302 2888 1615 2960 Praefecti
1672 2913 1935 2960 munus
1999 2889 2314 2987 gerebat.
2384 2885 2606 2975 Quod
2659 2886 2958 2984 quidem
3017 2886 3367 2985 majorem
3415 2885 3610 2960 mihi
3672 2886 4010 2961 fiduciam
4081 2891 4282 2985 addit

1302 3008 1628 3106 opinanti
1660 3032 1699 3080 a
1736 3008 2083 3107 praefectis
2132 3006 2425 3081 maximi
2471 3008 2824 3079 momenti
2861 3006 3334 3103 obligationes
3377 3006 3531 3079 fieri
3571 3006 3844 3099 solere3
3882 3007 3983 3080 ibi
4016 3014 4279 3085 etenim

1302 3132 1377 3198 L.
1434 3131 1703 3202 Annius
1752 3127 2052 3203 Rufinus
2094 3147 2171 3198 ns
2220 3137 2249 3203 1
2289 3131 2602 3206 014090
2633 3126 2940 3202 fundum
2989 3153 3200 3202 suum
3245 3126 3657 3226 profitetur,
3703 3129 3856 3226 jam
3905 3149 3981 3200 ns
4017 3134 4111 3205 83
4135 3133 4277 3206 950

1300 3208 1443 3319 obli
1494 3264 1719 3322 atum.

1396 3274 1495 3438 lii3
1502 3368 1755 3440 eadem
1788 3369 2154 3468 pactione⁶
2180 3369 2318 3442 ista
2349 3366 2730 3464 leguntur·
2715 3423 2730 3441 .
2759 3381 2975 3453 lmuy
3007 3381 3318 3436 sALrvn·
3353 3383 3552 3438 swn-
3587 3385 3845 3440 rvunos
3878 3408 3893 3423 ·
3927 3389 4195 3442 Avsscsn
4229 3409 4244 3424 ·

1298 3501 1586 3554 vncclvu
1622 3524 1635 3538 ·
1670 3504 1973 3558 DEBELIS.
2029 3486 2485 3561 Vocabulum
2537 3502 2776 3559 autem
2829 3485 3090 3560 debelis·
3143 3503 3216 3560 et
3269 3491 3344 3563 in
3393 3490 3763 3562 nonnullis
3820 3494 4276 3589 pactionibus

1294 3605 1580 3678 Tabulae
1601 3607 1845 3680 videre
1868 3623 2011 3702 est,
2040 3622 2113 3680 et
2145 3607 2263 3681 alii
2295 3609 2438 3680 alio
2478 3607 2702 3680 modo
2737 3607 3323 3708 interpretantur.
3363 3611 3478 3682 Sic
3523 3611 3982 3685 Forcellinius
4013 3640 4032 3686 z
4073 3646 4108 3681 α
4143 3617 4277 3690 De·

1296 3723 1526 3814 belus,
1564 3727 1613 3819 i,
1650 3751 1748 3798 m.
1790 3728 1995 3800 locus
2028 3727 2393 3827 pascendo
2424 3752 2579 3800 non
2613 3742 2850 3828 aptus,
2893 3731 3046 3800 non
3083 3728 3460 3828 pecoralis,
3506 3754 3551 3803 a
3589 3729 3677 3802 de
3720 3735 4113 3831 praeposit„
4149 3760 4274 3812 seu

1294 3843 1643 3942 particula
1683 3828 2054 3943 privativa,
2088 3861 2181 3920 'et
2218 3845 2402 3940 bela,
2463 3871 2660 3941 oveS,
2711 3862 2794 3920 ut
2837 3847 3082 3922 dixere
3122 3861 3396 3921 veteres
3439 3849 3698 3940 Latini,
3739 3865 3914 3924 teste
3949 3859 4274 3930 Varrone

1294 3962 1513 4058 (Tab.
1571 3964 1765 4035 alim.
1814 3963 1956 4038 col.
1994 3969 2070 4059 3,
2110 3965 2161 4039 l.
2204 3967 2297 4057 33
2338 4009 2437 4023 —-—
2467 3965 2611 4039 col.
2653 3968 2746 4059 4,
2803 3967 2856 4041 l.
2902 3969 3038 4058 393
3073 4009 3175 4024 -
3204 3967 3348 4041 col.
3395 3971 3471 4059 7,
3509 3969 3560 4041 l.
3599 3970 3695 4045 37
3713 3969 3769 4067 ).
3799 3999 3837 4040 n
3901 3977 4049 4070 Ego
4099 4002 4271 4050 vero

1292 4084 1712 4180 opinionem
1760 4087 2044 4159 comitis
2092 4087 2514 4183 Hieronymi
2558 4087 2879 4183 Asquinii
2924 4088 3150 4186 magis
3197 4089 3436 4187 probo
3458 4143 3477 4176 ,
3529 4090 3658 4187 qui
3695 4091 3869 4164 huic
3920 4095 4270 4170 vocabulo

1292 4201 1641 4295 originem
1710 4203 2052 4276 Celticam
2116 4205 2231 4276 vel
2296 4205 2759 4301 Ligurensem
2822 4204 3147 4302 adsignat
3213 4221 3288 4279 et
3347 4205 3606 4278 debelis
3671 4233 3922 4305 agrum
3989 4230 4270 4312 septum

1290 4341 1442 4388 esse
1483 4333 1712 4416 putat.
1756 4321 2097 4394 Nonnulli
2140 4337 2397 4395 contra
2441 4323 3002 4423 interpretantur
3044 4351 3061 4396 x
3103 4321 3384 4397 Debelis
3425 4325 3777 4400 incultum
3823 4329 4059 4402 solum
4086 4359 4261 4408 esse.

1372 4581 1428 4636 1.
1461 4579 1586 4639 Col.
1616 4582 1699 4650 Π,
1724 4578 1766 4637 1.
1801 4581 1901 4640 37.

1368 4683 1427 4740 2.
1458 4681 1607 4742 Vide
1625 4701 1803 4758 supra
1823 4703 1843 4739 .·
1866 4701 2003 4762 pars
2024 4686 2128 4757 11·,
2150 4701 2281 4764 cap.
2314 4703 2385 4760 n,
2413 4681 2542 4766 Sx.

1370 4787 1429 4846 3.
1460 4785 1587 4848 Col.
1617 4789 1697 4858 11,
1727 4784 1771 4846 1.
1802 4787 1903 4845 89.

1368 4885 1428 4948 4.
1460 4887 1585 4948 c01.
1619 4886 1814 4961 111,1.
1848 4890 1947 4945 11.

1369 4992 1426 5046 s.
1458 4987 1585 5049 col.
1614 4991 1724 5061 111,
1748 4987 1791 5044 ι.
1823 4991 1921 5048 53.

1320 5109 1325 5114 -
1366 5089 1425 5149 s.
1462 5087 1586 5147 σοι.
1624 5091 1736 5161 111,
1768 5086 1812 5150 1.
1850 5089 1949 5146 τα.
